message_index,timestamp_ns,symbol,bid_price,ask_price,bid_size,ask_size,spread,source_path,limitation
34341,1517059770458963286,ZEXIT,9.98,10.0,154,154,0.019999999999999574,data_contracts/fixtures/public_iex/20180127_IEXTP1_TOPS1.6.pcap.gz,aggregated TOPS best quote; not order-level queue data
34342,1517059770487341145,ZIEXT,0.9998,1.0,154,451,0.00019999999999997797,data_contracts/fixtures/public_iex/20180127_IEXTP1_TOPS1.6.pcap.gz,aggregated TOPS best quote; not order-level queue data
34344,1517059770686114252,ZXIET,99.97,100.0,154,154,0.030000000000001137,data_contracts/fixtures/public_iex/20180127_IEXTP1_TOPS1.6.pcap.gz,aggregated TOPS best quote; not order-level queue data
35336,1517061960187796041,ZXIET,95.0,101.0,100,100,6.0,data_contracts/fixtures/public_iex/20180127_IEXTP1_TOPS1.6.pcap.gz,aggregated TOPS best quote; not order-level queue data
45627,1517064180131671227,ZXIET,99.98,101.0,453,100,1.019999999999996,data_contracts/fixtures/public_iex/20180127_IEXTP1_TOPS1.6.pcap.gz,aggregated TOPS best quote; not order-level queue data
45648,1517064220030995016,ZXIET,99.98,101.0,353,100,1.019999999999996,data_contracts/fixtures/public_iex/20180127_IEXTP1_TOPS1.6.pcap.gz,aggregated TOPS best quote; not order-level queue data
45666,1517064257166468946,ZXIET,99.98,101.0,253,100,1.019999999999996,data_contracts/fixtures/public_iex/20180127_IEXTP1_TOPS1.6.pcap.gz,aggregated TOPS best quote; not order-level queue data
46014,1517064500006407259,DISH,47.17,50.0,440,700,2.8299999999999983,data_contracts/fixtures/public_iex/20180127_IEXTP1_TOPS1.6.pcap.gz,aggregated TOPS best quote; not order-level queue data
46019,1517064515977694478,DISH,47.17,50.0,1118,700,2.8299999999999983,data_contracts/fixtures/public_iex/20180127_IEXTP1_TOPS1.6.pcap.gz,aggregated TOPS best quote; not order-level queue data
46033,1517064527745053615,DISH,47.17,50.0,1018,700,2.8299999999999983,data_contracts/fixtures/public_iex/20180127_IEXTP1_TOPS1.6.pcap.gz,aggregated TOPS best quote; not order-level queue data
46037,1517064531761731146,DISH,47.17,50.0,818,700,2.8299999999999983,data_contracts/fixtures/public_iex/20180127_IEXTP1_TOPS1.6.pcap.gz,aggregated TOPS best quote; not order-level queue data
46117,1517064626911513286,DISH,47.17,50.0,678,700,2.8299999999999983,data_contracts/fixtures/public_iex/20180127_IEXTP1_TOPS1.6.pcap.gz,aggregated TOPS best quote; not order-level queue data
46294,1517064680281403003,DISH,47.17,50.0,618,700,2.8299999999999983,data_contracts/fixtures/public_iex/20180127_IEXTP1_TOPS1.6.pcap.gz,aggregated TOPS best quote; not order-level queue data
46296,1517064685059712458,DISH,47.17,50.0,518,700,2.8299999999999983,data_contracts/fixtures/public_iex/20180127_IEXTP1_TOPS1.6.pcap.gz,aggregated TOPS best quote; not order-level queue data
46297,1517064685631022412,DISH,47.19,50.0,518,700,2.8100000000000023,data_contracts/fixtures/public_iex/20180127_IEXTP1_TOPS1.6.pcap.gz,aggregated TOPS best quote; not order-level queue data
46367,1517064836033287745,DISH,47.19,50.0,418,700,2.8100000000000023,data_contracts/fixtures/public_iex/20180127_IEXTP1_TOPS1.6.pcap.gz,aggregated TOPS best quote; not order-level queue data
46375,1517064840878570621,DISH,47.19,50.0,318,700,2.8100000000000023,data_contracts/fixtures/public_iex/20180127_IEXTP1_TOPS1.6.pcap.gz,aggregated TOPS best quote; not order-level queue data
46419,1517064917561592387,DISH,47.19,50.0,218,700,2.8100000000000023,data_contracts/fixtures/public_iex/20180127_IEXTP1_TOPS1.6.pcap.gz,aggregated TOPS best quote; not order-level queue data
46429,1517064924372599478,DISH,47.19,50.0,118,700,2.8100000000000023,data_contracts/fixtures/public_iex/20180127_IEXTP1_TOPS1.6.pcap.gz,aggregated TOPS best quote; not order-level queue data
47255,1517065648291372727,NTEST.C,18.0,32.05,1163,8555,14.049999999999997,data_contracts/fixtures/public_iex/20180127_IEXTP1_TOPS1.6.pcap.gz,aggregated TOPS best quote; not order-level queue data
47264,1517065649881069298,AUO,4.06,4.34,1280,6617,0.28000000000000025,data_contracts/fixtures/public_iex/20180127_IEXTP1_TOPS1.6.pcap.gz,aggregated TOPS best quote; not order-level queue data
47267,1517065649890205986,AUO,4.06,4.34,1280,2977,0.28000000000000025,data_contracts/fixtures/public_iex/20180127_IEXTP1_TOPS1.6.pcap.gz,aggregated TOPS best quote; not order-level queue data
47268,1517065649901528090,AUO,4.06,4.34,1280,4829,0.28000000000000025,data_contracts/fixtures/public_iex/20180127_IEXTP1_TOPS1.6.pcap.gz,aggregated TOPS best quote; not order-level queue data
47269,1517065649961983130,AUO,4.06,4.34,1280,8872,0.28000000000000025,data_contracts/fixtures/public_iex/20180127_IEXTP1_TOPS1.6.pcap.gz,aggregated TOPS best quote; not order-level queue data
47270,1517065649973577969,AUO,4.06,4.34,1280,18009,0.28000000000000025,data_contracts/fixtures/public_iex/20180127_IEXTP1_TOPS1.6.pcap.gz,aggregated TOPS best quote; not order-level queue data
47271,1517065649985331707,AUO,4.06,4.34,1280,19232,0.28000000000000025,data_contracts/fixtures/public_iex/20180127_IEXTP1_TOPS1.6.pcap.gz,aggregated TOPS best quote; not order-level queue data
47272,1517065650051212246,AUO,4.06,4.34,1280,19549,0.28000000000000025,data_contracts/fixtures/public_iex/20180127_IEXTP1_TOPS1.6.pcap.gz,aggregated TOPS best quote; not order-level queue data
47273,1517065650164792565,AUO,4.06,4.34,8445,19549,0.28000000000000025,data_contracts/fixtures/public_iex/20180127_IEXTP1_TOPS1.6.pcap.gz,aggregated TOPS best quote; not order-level queue data
47274,1517065650307417071,AUO,4.06,4.34,8445,21966,0.28000000000000025,data_contracts/fixtures/public_iex/20180127_IEXTP1_TOPS1.6.pcap.gz,aggregated TOPS best quote; not order-level queue data
47278,1517065650333898648,AUO,4.06,4.34,8445,14807,0.28000000000000025,data_contracts/fixtures/public_iex/20180127_IEXTP1_TOPS1.6.pcap.gz,aggregated TOPS best quote; not order-level queue data
47279,1517065650401809157,AUO,4.06,4.34,8445,17572,0.28000000000000025,data_contracts/fixtures/public_iex/20180127_IEXTP1_TOPS1.6.pcap.gz,aggregated TOPS best quote; not order-level queue data
47280,1517065650540033750,AUO,4.06,4.34,8445,23855,0.28000000000000025,data_contracts/fixtures/public_iex/20180127_IEXTP1_TOPS1.6.pcap.gz,aggregated TOPS best quote; not order-level queue data
47281,1517065650609070157,AUO,4.06,4.34,8445,29018,0.28000000000000025,data_contracts/fixtures/public_iex/20180127_IEXTP1_TOPS1.6.pcap.gz,aggregated TOPS best quote; not order-level queue data
47282,1517065650670856932,AUO,4.06,4.34,8445,29260,0.28000000000000025,data_contracts/fixtures/public_iex/20180127_IEXTP1_TOPS1.6.pcap.gz,aggregated TOPS best quote; not order-level queue data
47283,1517065650680178800,AUO,4.06,4.34,8445,35799,0.28000000000000025,data_contracts/fixtures/public_iex/20180127_IEXTP1_TOPS1.6.pcap.gz,aggregated TOPS best quote; not order-level queue data
47285,1517065650805300588,AUO,4.06,4.34,8445,34713,0.28000000000000025,data_contracts/fixtures/public_iex/20180127_IEXTP1_TOPS1.6.pcap.gz,aggregated TOPS best quote; not order-level queue data
47286,1517065650860879384,AUO,4.06,4.34,8445,36922,0.28000000000000025,data_contracts/fixtures/public_iex/20180127_IEXTP1_TOPS1.6.pcap.gz,aggregated TOPS best quote; not order-level queue data
47287,1517065650910500538,AUO,4.06,4.34,10126,36922,0.28000000000000025,data_contracts/fixtures/public_iex/20180127_IEXTP1_TOPS1.6.pcap.gz,aggregated TOPS best quote; not order-level queue data
47288,1517065651001629634,AUO,4.06,4.34,10126,41684,0.28000000000000025,data_contracts/fixtures/public_iex/20180127_IEXTP1_TOPS1.6.pcap.gz,aggregated TOPS best quote; not order-level queue data
47289,1517065651196153691,AUO,4.06,4.34,10126,49973,0.28000000000000025,data_contracts/fixtures/public_iex/20180127_IEXTP1_TOPS1.6.pcap.gz,aggregated TOPS best quote; not order-level queue data
47290,1517065651215643586,AUO,4.06,4.34,10126,59771,0.28000000000000025,data_contracts/fixtures/public_iex/20180127_IEXTP1_TOPS1.6.pcap.gz,aggregated TOPS best quote; not order-level queue data
47291,1517065651245017062,AUO,4.06,4.34,10126,61313,0.28000000000000025,data_contracts/fixtures/public_iex/20180127_IEXTP1_TOPS1.6.pcap.gz,aggregated TOPS best quote; not order-level queue data
47292,1517065651399094648,AUO,4.06,4.34,10126,61501,0.28000000000000025,data_contracts/fixtures/public_iex/20180127_IEXTP1_TOPS1.6.pcap.gz,aggregated TOPS best quote; not order-level queue data
47293,1517065651469667456,AUO,4.06,4.34,13309,61501,0.28000000000000025,data_contracts/fixtures/public_iex/20180127_IEXTP1_TOPS1.6.pcap.gz,aggregated TOPS best quote; not order-level queue data
47294,1517065651504653834,AUO,4.06,4.34,13309,70997,0.28000000000000025,data_contracts/fixtures/public_iex/20180127_IEXTP1_TOPS1.6.pcap.gz,aggregated TOPS best quote; not order-level queue data
47295,1517065651594575705,AUO,4.06,4.34,13309,76010,0.28000000000000025,data_contracts/fixtures/public_iex/20180127_IEXTP1_TOPS1.6.pcap.gz,aggregated TOPS best quote; not order-level queue data
47296,1517065651827990555,AUO,4.06,4.34,14428,76010,0.28000000000000025,data_contracts/fixtures/public_iex/20180127_IEXTP1_TOPS1.6.pcap.gz,aggregated TOPS best quote; not order-level queue data
47297,1517065651882084694,AUO,4.06,4.34,14428,77433,0.28000000000000025,data_contracts/fixtures/public_iex/20180127_IEXTP1_TOPS1.6.pcap.gz,aggregated TOPS best quote; not order-level queue data
47298,1517065651940872726,AUO,4.06,4.34,14428,82162,0.28000000000000025,data_contracts/fixtures/public_iex/20180127_IEXTP1_TOPS1.6.pcap.gz,aggregated TOPS best quote; not order-level queue data
47299,1517065651952862528,AUO,4.06,4.34,14428,82536,0.28000000000000025,data_contracts/fixtures/public_iex/20180127_IEXTP1_TOPS1.6.pcap.gz,aggregated TOPS best quote; not order-level queue data
47300,1517065652069323913,AUO,4.06,4.34,14428,89438,0.28000000000000025,data_contracts/fixtures/public_iex/20180127_IEXTP1_TOPS1.6.pcap.gz,aggregated TOPS best quote; not order-level queue data
47301,1517065652135750207,AUO,4.06,4.34,14428,91922,0.28000000000000025,data_contracts/fixtures/public_iex/20180127_IEXTP1_TOPS1.6.pcap.gz,aggregated TOPS best quote; not order-level queue data
47302,1517065652296944525,AUO,4.06,4.34,14428,96548,0.28000000000000025,data_contracts/fixtures/public_iex/20180127_IEXTP1_TOPS1.6.pcap.gz,aggregated TOPS best quote; not order-level queue data
47303,1517065652347709613,AUO,4.06,4.34,14428,97673,0.28000000000000025,data_contracts/fixtures/public_iex/20180127_IEXTP1_TOPS1.6.pcap.gz,aggregated TOPS best quote; not order-level queue data
47304,1517065652439526150,AUO,4.06,4.34,14428,104358,0.28000000000000025,data_contracts/fixtures/public_iex/20180127_IEXTP1_TOPS1.6.pcap.gz,aggregated TOPS best quote; not order-level queue data
47305,1517065652491202555,AUO,4.06,4.34,14428,106845,0.28000000000000025,data_contracts/fixtures/public_iex/20180127_IEXTP1_TOPS1.6.pcap.gz,aggregated TOPS best quote; not order-level queue data
47306,1517065652522480283,AUO,4.06,4.34,14428,108103,0.28000000000000025,data_contracts/fixtures/public_iex/20180127_IEXTP1_TOPS1.6.pcap.gz,aggregated TOPS best quote; not order-level queue data
47307,1517065652549519910,AUO,4.06,4.34,14428,112728,0.28000000000000025,data_contracts/fixtures/public_iex/20180127_IEXTP1_TOPS1.6.pcap.gz,aggregated TOPS best quote; not order-level queue data
47308,1517065652686505844,AUO,4.06,4.34,14428,115762,0.28000000000000025,data_contracts/fixtures/public_iex/20180127_IEXTP1_TOPS1.6.pcap.gz,aggregated TOPS best quote; not order-level queue data
47309,1517065652697843095,AUO,4.06,4.34,14428,117655,0.28000000000000025,data_contracts/fixtures/public_iex/20180127_IEXTP1_TOPS1.6.pcap.gz,aggregated TOPS best quote; not order-level queue data
47312,1517065652767463079,AUO,4.06,4.34,14428,110392,0.28000000000000025,data_contracts/fixtures/public_iex/20180127_IEXTP1_TOPS1.6.pcap.gz,aggregated TOPS best quote; not order-level queue data
47313,1517065652796267321,AUO,4.06,4.34,14428,117711,0.28000000000000025,data_contracts/fixtures/public_iex/20180127_IEXTP1_TOPS1.6.pcap.gz,aggregated TOPS best quote; not order-level queue data
47314,1517065652821871996,AUO,4.06,4.34,14428,122825,0.28000000000000025,data_contracts/fixtures/public_iex/20180127_IEXTP1_TOPS1.6.pcap.gz,aggregated TOPS best quote; not order-level queue data
47315,1517065652854901517,AUO,4.06,4.34,14428,131874,0.28000000000000025,data_contracts/fixtures/public_iex/20180127_IEXTP1_TOPS1.6.pcap.gz,aggregated TOPS best quote; not order-level queue data
47316,1517065652938250582,AUO,4.06,4.34,22481,131874,0.28000000000000025,data_contracts/fixtures/public_iex/20180127_IEXTP1_TOPS1.6.pcap.gz,aggregated TOPS best quote; not order-level queue data
47317,1517065652964255063,AUO,4.06,4.34,22481,134388,0.28000000000000025,data_contracts/fixtures/public_iex/20180127_IEXTP1_TOPS1.6.pcap.gz,aggregated TOPS best quote; not order-level queue data
47318,1517065653013018816,AUO,4.06,4.34,22481,136796,0.28000000000000025,data_contracts/fixtures/public_iex/20180127_IEXTP1_TOPS1.6.pcap.gz,aggregated TOPS best quote; not order-level queue data
47319,1517065653080651566,AUO,4.06,4.34,22481,146743,0.28000000000000025,data_contracts/fixtures/public_iex/20180127_IEXTP1_TOPS1.6.pcap.gz,aggregated TOPS best quote; not order-level queue data
47320,1517065653146988714,AUO,4.06,4.34,22481,148115,0.28000000000000025,data_contracts/fixtures/public_iex/20180127_IEXTP1_TOPS1.6.pcap.gz,aggregated TOPS best quote; not order-level queue data
47321,1517065653181501777,AUO,4.06,4.34,22481,150071,0.28000000000000025,data_contracts/fixtures/public_iex/20180127_IEXTP1_TOPS1.6.pcap.gz,aggregated TOPS best quote; not order-level queue data
47322,1517065653270627646,AUO,4.06,4.34,22481,150402,0.28000000000000025,data_contracts/fixtures/public_iex/20180127_IEXTP1_TOPS1.6.pcap.gz,aggregated TOPS best quote; not order-level queue data
47323,1517065653344084677,AUO,4.06,4.34,22481,153090,0.28000000000000025,data_contracts/fixtures/public_iex/20180127_IEXTP1_TOPS1.6.pcap.gz,aggregated TOPS best quote; not order-level queue data
47324,1517065653541100071,AUO,4.06,4.34,22481,162902,0.28000000000000025,data_contracts/fixtures/public_iex/20180127_IEXTP1_TOPS1.6.pcap.gz,aggregated TOPS best quote; not order-level queue data
47325,1517065653602533779,AUO,4.06,4.34,22481,167310,0.28000000000000025,data_contracts/fixtures/public_iex/20180127_IEXTP1_TOPS1.6.pcap.gz,aggregated TOPS best quote; not order-level queue data
47326,1517065653628320436,AUO,4.06,4.34,28655,167310,0.28000000000000025,data_contracts/fixtures/public_iex/20180127_IEXTP1_TOPS1.6.pcap.gz,aggregated TOPS best quote; not order-level queue data
47327,1517065653756390977,AUO,4.06,4.34,28655,167813,0.28000000000000025,data_contracts/fixtures/public_iex/20180127_IEXTP1_TOPS1.6.pcap.gz,aggregated TOPS best quote; not order-level queue data
47328,1517065653814296647,AUO,4.06,4.34,28655,172965,0.28000000000000025,data_contracts/fixtures/public_iex/20180127_IEXTP1_TOPS1.6.pcap.gz,aggregated TOPS best quote; not order-level queue data
47329,1517065653837448812,AUO,4.06,4.34,28655,176996,0.28000000000000025,data_contracts/fixtures/public_iex/20180127_IEXTP1_TOPS1.6.pcap.gz,aggregated TOPS best quote; not order-level queue data
47330,1517065653899126244,AUO,4.06,4.34,28830,176996,0.28000000000000025,data_contracts/fixtures/public_iex/20180127_IEXTP1_TOPS1.6.pcap.gz,aggregated TOPS best quote; not order-level queue data
47331,1517065654030413470,AUO,4.06,4.34,28830,180533,0.28000000000000025,data_contracts/fixtures/public_iex/20180127_IEXTP1_TOPS1.6.pcap.gz,aggregated TOPS best quote; not order-level queue data
47332,1517065654110239258,AUO,4.06,4.34,28830,181923,0.28000000000000025,data_contracts/fixtures/public_iex/20180127_IEXTP1_TOPS1.6.pcap.gz,aggregated TOPS best quote; not order-level queue data
47333,1517065654177769869,AUO,4.06,4.34,28830,172427,0.28000000000000025,data_contracts/fixtures/public_iex/20180127_IEXTP1_TOPS1.6.pcap.gz,aggregated TOPS best quote; not order-level queue data
47334,1517065654207936538,AUO,4.06,4.34,28830,174409,0.28000000000000025,data_contracts/fixtures/public_iex/20180127_IEXTP1_TOPS1.6.pcap.gz,aggregated TOPS best quote; not order-level queue data
47339,1517065654232216408,AUO,4.06,4.34,28830,172741,0.28000000000000025,data_contracts/fixtures/public_iex/20180127_IEXTP1_TOPS1.6.pcap.gz,aggregated TOPS best quote; not order-level queue data
47343,1517065654315565891,AUO,4.06,4.34,28830,166138,0.28000000000000025,data_contracts/fixtures/public_iex/20180127_IEXTP1_TOPS1.6.pcap.gz,aggregated TOPS best quote; not order-level queue data
47344,1517065654328236044,AUO,4.06,4.34,28830,167833,0.28000000000000025,data_contracts/fixtures/public_iex/20180127_IEXTP1_TOPS1.6.pcap.gz,aggregated TOPS best quote; not order-level queue data
47345,1517065654343414784,AUO,4.06,4.34,33737,167833,0.28000000000000025,data_contracts/fixtures/public_iex/20180127_IEXTP1_TOPS1.6.pcap.gz,aggregated TOPS best quote; not order-level queue data
47346,1517065654354632125,AUO,4.06,4.34,39830,167833,0.28000000000000025,data_contracts/fixtures/public_iex/20180127_IEXTP1_TOPS1.6.pcap.gz,aggregated TOPS best quote; not order-level queue data
47347,1517065654378605841,AUO,4.06,4.34,39830,169125,0.28000000000000025,data_contracts/fixtures/public_iex/20180127_IEXTP1_TOPS1.6.pcap.gz,aggregated TOPS best quote; not order-level queue data
47348,1517065654648280064,AUO,4.06,4.34,39830,175298,0.28000000000000025,data_contracts/fixtures/public_iex/20180127_IEXTP1_TOPS1.6.pcap.gz,aggregated TOPS best quote; not order-level queue data
47349,1517065654670792087,AUO,4.06,4.34,39830,175903,0.28000000000000025,data_contracts/fixtures/public_iex/20180127_IEXTP1_TOPS1.6.pcap.gz,aggregated TOPS best quote; not order-level queue data
47350,1517065654731267526,AUO,4.06,4.34,39830,176341,0.28000000000000025,data_contracts/fixtures/public_iex/20180127_IEXTP1_TOPS1.6.pcap.gz,aggregated TOPS best quote; not order-level queue data
47351,1517065654757422199,AUO,4.06,4.34,39830,178986,0.28000000000000025,data_contracts/fixtures/public_iex/20180127_IEXTP1_TOPS1.6.pcap.gz,aggregated TOPS best quote; not order-level queue data
47352,1517065654779913769,AUO,4.06,4.34,39830,180336,0.28000000000000025,data_contracts/fixtures/public_iex/20180127_IEXTP1_TOPS1.6.pcap.gz,aggregated TOPS best quote; not order-level queue data
47353,1517065654879620521,AUO,4.06,4.34,39830,187308,0.28000000000000025,data_contracts/fixtures/public_iex/20180127_IEXTP1_TOPS1.6.pcap.gz,aggregated TOPS best quote; not order-level queue data
47354,1517065654924746338,AUO,4.06,4.34,39830,197294,0.28000000000000025,data_contracts/fixtures/public_iex/20180127_IEXTP1_TOPS1.6.pcap.gz,aggregated TOPS best quote; not order-level queue data
47355,1517065655041775117,AUO,4.06,4.34,39830,203321,0.28000000000000025,data_contracts/fixtures/public_iex/20180127_IEXTP1_TOPS1.6.pcap.gz,aggregated TOPS best quote; not order-level queue data
47356,1517065655148581042,AUO,4.06,4.34,39830,203574,0.28000000000000025,data_contracts/fixtures/public_iex/20180127_IEXTP1_TOPS1.6.pcap.gz,aggregated TOPS best quote; not order-level queue data
47359,1517065655177170983,AUO,4.06,4.34,39830,196889,0.28000000000000025,data_contracts/fixtures/public_iex/20180127_IEXTP1_TOPS1.6.pcap.gz,aggregated TOPS best quote; not order-level queue data
47360,1517065655177902073,AUO,4.06,4.34,39830,191775,0.28000000000000025,data_contracts/fixtures/public_iex/20180127_IEXTP1_TOPS1.6.pcap.gz,aggregated TOPS best quote; not order-level queue data
47361,1517065655292361250,AUO,4.06,4.34,39830,198221,0.28000000000000025,data_contracts/fixtures/public_iex/20180127_IEXTP1_TOPS1.6.pcap.gz,aggregated TOPS best quote; not order-level queue data
47362,1517065655336776983,AUO,4.06,4.34,39830,205415,0.28000000000000025,data_contracts/fixtures/public_iex/20180127_IEXTP1_TOPS1.6.pcap.gz,aggregated TOPS best quote; not order-level queue data
47363,1517065655360687679,AUO,4.06,4.34,39830,207774,0.28000000000000025,data_contracts/fixtures/public_iex/20180127_IEXTP1_TOPS1.6.pcap.gz,aggregated TOPS best quote; not order-level queue data
47364,1517065655392754548,AUO,4.06,4.34,39830,214114,0.28000000000000025,data_contracts/fixtures/public_iex/20180127_IEXTP1_TOPS1.6.pcap.gz,aggregated TOPS best quote; not order-level queue data
47365,1517065655417531945,AUO,4.06,4.34,39830,214400,0.28000000000000025,data_contracts/fixtures/public_iex/20180127_IEXTP1_TOPS1.6.pcap.gz,aggregated TOPS best quote; not order-level queue data
47366,1517065655444447511,AUO,4.06,4.34,39830,218802,0.28000000000000025,data_contracts/fixtures/public_iex/20180127_IEXTP1_TOPS1.6.pcap.gz,aggregated TOPS best quote; not order-level queue data
47367,1517065655451826424,AUO,4.06,4.34,39830,221436,0.28000000000000025,data_contracts/fixtures/public_iex/20180127_IEXTP1_TOPS1.6.pcap.gz,aggregated TOPS best quote; not order-level queue data
47368,1517065655508808585,AUO,4.06,4.34,39830,222998,0.28000000000000025,data_contracts/fixtures/public_iex/20180127_IEXTP1_TOPS1.6.pcap.gz,aggregated TOPS best quote; not order-level queue data
47369,1517065655531955665,AUO,4.06,4.34,39830,225936,0.28000000000000025,data_contracts/fixtures/public_iex/20180127_IEXTP1_TOPS1.6.pcap.gz,aggregated TOPS best quote; not order-level queue data
47370,1517065655579506256,AUO,4.06,4.34,42004,225936,0.28000000000000025,data_contracts/fixtures/public_iex/20180127_IEXTP1_TOPS1.6.pcap.gz,aggregated TOPS best quote; not order-level queue data
47373,1517065655637950982,AUO,4.06,4.34,42004,221611,0.28000000000000025,data_contracts/fixtures/public_iex/20180127_IEXTP1_TOPS1.6.pcap.gz,aggregated TOPS best quote; not order-level queue data
47374,1517065655727028529,AUO,4.06,4.34,42004,224209,0.28000000000000025,data_contracts/fixtures/public_iex/20180127_IEXTP1_TOPS1.6.pcap.gz,aggregated TOPS best quote; not order-level queue data
47375,1517065655869443215,AUO,4.06,4.34,42004,228024,0.28000000000000025,data_contracts/fixtures/public_iex/20180127_IEXTP1_TOPS1.6.pcap.gz,aggregated TOPS best quote; not order-level queue data
47376,1517065655959388007,AUO,4.06,4.34,42004,232196,0.28000000000000025,data_contracts/fixtures/public_iex/20180127_IEXTP1_TOPS1.6.pcap.gz,aggregated TOPS best quote; not order-level queue data
47377,1517065656005672248,AUO,4.06,4.34,42004,236430,0.28000000000000025,data_contracts/fixtures/public_iex/20180127_IEXTP1_TOPS1.6.pcap.gz,aggregated TOPS best quote; not order-level queue data
47381,1517065656028851546,AUO,4.06,4.34,42004,231697,0.28000000000000025,data_contracts/fixtures/public_iex/20180127_IEXTP1_TOPS1.6.pcap.gz,aggregated TOPS best quote; not order-level queue data
47382,1517065656070387158,AUO,4.06,4.34,42004,237849,0.28000000000000025,data_contracts/fixtures/public_iex/20180127_IEXTP1_TOPS1.6.pcap.gz,aggregated TOPS best quote; not order-level queue data
47383,1517065657177343355,AUO,4.06,4.34,42004,236459,0.28000000000000025,data_contracts/fixtures/public_iex/20180127_IEXTP1_TOPS1.6.pcap.gz,aggregated TOPS best quote; not order-level queue data
47384,1517065657178977638,AUO,4.06,4.34,42004,226473,0.28000000000000025,data_contracts/fixtures/public_iex/20180127_IEXTP1_TOPS1.6.pcap.gz,aggregated TOPS best quote; not order-level queue data
47389,1517065658177663889,AUO,4.06,4.34,42004,219279,0.28000000000000025,data_contracts/fixtures/public_iex/20180127_IEXTP1_TOPS1.6.pcap.gz,aggregated TOPS best quote; not order-level queue data
47390,1517065658178242610,AUO,4.06,4.34,42004,216681,0.28000000000000025,data_contracts/fixtures/public_iex/20180127_IEXTP1_TOPS1.6.pcap.gz,aggregated TOPS best quote; not order-level queue data
47391,1517065658644220291,NTEST.B,18.8,33.2,3562,9504,14.400000000000002,data_contracts/fixtures/public_iex/20180127_IEXTP1_TOPS1.6.pcap.gz,aggregated TOPS best quote; not order-level queue data
47411,1517065659177228916,NTEST.B,18.8,31.6,3562,2919,12.8,data_contracts/fixtures/public_iex/20180127_IEXTP1_TOPS1.6.pcap.gz,aggregated TOPS best quote; not order-level queue data
47450,1517065663488029186,AUSE,55.88,60.08,2516,4040,4.199999999999996,data_contracts/fixtures/public_iex/20180127_IEXTP1_TOPS1.6.pcap.gz,aggregated TOPS best quote; not order-level queue data
47451,1517065663517086033,AUSE,55.9,60.08,167,4040,4.18,data_contracts/fixtures/public_iex/20180127_IEXTP1_TOPS1.6.pcap.gz,aggregated TOPS best quote; not order-level queue data
47452,1517065663605427420,AUSE,55.9,60.08,167,4518,4.18,data_contracts/fixtures/public_iex/20180127_IEXTP1_TOPS1.6.pcap.gz,aggregated TOPS best quote; not order-level queue data
47453,1517065663905305474,AUSE,55.9,60.08,7721,4518,4.18,data_contracts/fixtures/public_iex/20180127_IEXTP1_TOPS1.6.pcap.gz,aggregated TOPS best quote; not order-level queue data
47454,1517065663926299890,AUSE,55.9,60.08,7721,5606,4.18,data_contracts/fixtures/public_iex/20180127_IEXTP1_TOPS1.6.pcap.gz,aggregated TOPS best quote; not order-level queue data
47455,1517065664040330416,AUSE,55.9,60.08,7721,9270,4.18,data_contracts/fixtures/public_iex/20180127_IEXTP1_TOPS1.6.pcap.gz,aggregated TOPS best quote; not order-level queue data
47456,1517065664201664387,AUSE,55.9,60.08,7721,13083,4.18,data_contracts/fixtures/public_iex/20180127_IEXTP1_TOPS1.6.pcap.gz,aggregated TOPS best quote; not order-level queue data
47457,1517065664240845835,AUSE,55.9,60.08,7721,19793,4.18,data_contracts/fixtures/public_iex/20180127_IEXTP1_TOPS1.6.pcap.gz,aggregated TOPS best quote; not order-level queue data
47458,1517065664270613823,AUSE,55.9,60.08,7721,28441,4.18,data_contracts/fixtures/public_iex/20180127_IEXTP1_TOPS1.6.pcap.gz,aggregated TOPS best quote; not order-level queue data
47463,1517065664366869248,AUSE,55.9,60.08,7721,21326,4.18,data_contracts/fixtures/public_iex/20180127_IEXTP1_TOPS1.6.pcap.gz,aggregated TOPS best quote; not order-level queue data
47464,1517065664368313498,AUSE,55.9,58.28,7721,21326,2.3800000000000026,data_contracts/fixtures/public_iex/20180127_IEXTP1_TOPS1.6.pcap.gz,aggregated TOPS best quote; not order-level queue data
47465,1517065664377585204,AUSE,55.9,58.28,9965,21326,2.3800000000000026,data_contracts/fixtures/public_iex/20180127_IEXTP1_TOPS1.6.pcap.gz,aggregated TOPS best quote; not order-level queue data
47466,1517065664504074032,AUSE,55.9,58.28,9965,24174,2.3800000000000026,data_contracts/fixtures/public_iex/20180127_IEXTP1_TOPS1.6.pcap.gz,aggregated TOPS best quote; not order-level queue data
47467,1517065664515306255,AUSE,55.9,58.28,9965,25109,2.3800000000000026,data_contracts/fixtures/public_iex/20180127_IEXTP1_TOPS1.6.pcap.gz,aggregated TOPS best quote; not order-level queue data
47468,1517065664659079681,AUSE,55.9,58.28,9965,31813,2.3800000000000026,data_contracts/fixtures/public_iex/20180127_IEXTP1_TOPS1.6.pcap.gz,aggregated TOPS best quote; not order-level queue data
47471,1517065664914190163,AUSE,55.9,58.28,9965,35740,2.3800000000000026,data_contracts/fixtures/public_iex/20180127_IEXTP1_TOPS1.6.pcap.gz,aggregated TOPS best quote; not order-level queue data
47474,1517065664921197962,AUSE,55.9,58.28,9965,36126,2.3800000000000026,data_contracts/fixtures/public_iex/20180127_IEXTP1_TOPS1.6.pcap.gz,aggregated TOPS best quote; not order-level queue data
47475,1517065664922476941,AUSE,55.9,56.54,9965,36126,0.6400000000000006,data_contracts/fixtures/public_iex/20180127_IEXTP1_TOPS1.6.pcap.gz,aggregated TOPS best quote; not order-level queue data
47476,1517065664989201928,AUSE,55.9,56.54,9965,42694,0.6400000000000006,data_contracts/fixtures/public_iex/20180127_IEXTP1_TOPS1.6.pcap.gz,aggregated TOPS best quote; not order-level queue data
47477,1517065665009905970,AUSE,55.91,56.54,5151,42694,0.6300000000000026,data_contracts/fixtures/public_iex/20180127_IEXTP1_TOPS1.6.pcap.gz,aggregated TOPS best quote; not order-level queue data
47478,1517065665017312395,AUSE,55.91,56.54,5151,42850,0.6300000000000026,data_contracts/fixtures/public_iex/20180127_IEXTP1_TOPS1.6.pcap.gz,aggregated TOPS best quote; not order-level queue data
47481,1517065665485157849,AUSE,55.91,56.54,5151,35432,0.6300000000000026,data_contracts/fixtures/public_iex/20180127_IEXTP1_TOPS1.6.pcap.gz,aggregated TOPS best quote; not order-level queue data
47482,1517065665486441509,AUSE,55.91,55.92,5151,35432,0.010000000000005116,data_contracts/fixtures/public_iex/20180127_IEXTP1_TOPS1.6.pcap.gz,aggregated TOPS best quote; not order-level queue data
47493,1517065665671979344,AUSE,55.91,55.92,1379,35432,0.010000000000005116,data_contracts/fixtures/public_iex/20180127_IEXTP1_TOPS1.6.pcap.gz,aggregated TOPS best quote; not order-level queue data
47497,1517065665728314494,AUSE,55.9,55.91,12252,35432,0.00999999999999801,data_contracts/fixtures/public_iex/20180127_IEXTP1_TOPS1.6.pcap.gz,aggregated TOPS best quote; not order-level queue data
47505,1517065665746558658,AUSE,55.9,55.91,2349,35432,0.00999999999999801,data_contracts/fixtures/public_iex/20180127_IEXTP1_TOPS1.6.pcap.gz,aggregated TOPS best quote; not order-level queue data
47510,1517065665754144258,AUSE,55.89,55.9,16717,22216,0.00999999999999801,data_contracts/fixtures/public_iex/20180127_IEXTP1_TOPS1.6.pcap.gz,aggregated TOPS best quote; not order-level queue data
47525,1517065665762535160,AUSE,55.89,55.9,9670,22216,0.00999999999999801,data_contracts/fixtures/public_iex/20180127_IEXTP1_TOPS1.6.pcap.gz,aggregated TOPS best quote; not order-level queue data
47527,1517065665766796800,AUSE,55.89,55.9,7056,22216,0.00999999999999801,data_contracts/fixtures/public_iex/20180127_IEXTP1_TOPS1.6.pcap.gz,aggregated TOPS best quote; not order-level queue data
47530,1517065665767032382,AUSE,55.89,55.9,7827,22216,0.00999999999999801,data_contracts/fixtures/public_iex/20180127_IEXTP1_TOPS1.6.pcap.gz,aggregated TOPS best quote; not order-level queue data
47532,1517065665767532554,AUSE,55.89,55.9,7794,22216,0.00999999999999801,data_contracts/fixtures/public_iex/20180127_IEXTP1_TOPS1.6.pcap.gz,aggregated TOPS best quote; not order-level queue data
47537,1517065665768121400,AUSE,55.88,55.89,14328,22216,0.00999999999999801,data_contracts/fixtures/public_iex/20180127_IEXTP1_TOPS1.6.pcap.gz,aggregated TOPS best quote; not order-level queue data
47542,1517065665773030195,AUSE,55.88,55.89,10078,22216,0.00999999999999801,data_contracts/fixtures/public_iex/20180127_IEXTP1_TOPS1.6.pcap.gz,aggregated TOPS best quote; not order-level queue data
47544,1517065665773541021,AUSE,55.88,55.89,7323,22216,0.00999999999999801,data_contracts/fixtures/public_iex/20180127_IEXTP1_TOPS1.6.pcap.gz,aggregated TOPS best quote; not order-level queue data
47549,1517065665774338286,AUSE,55.88,55.89,3337,22216,0.00999999999999801,data_contracts/fixtures/public_iex/20180127_IEXTP1_TOPS1.6.pcap.gz,aggregated TOPS best quote; not order-level queue data
47551,1517065665775479188,AUSE,55.88,55.89,3279,22216,0.00999999999999801,data_contracts/fixtures/public_iex/20180127_IEXTP1_TOPS1.6.pcap.gz,aggregated TOPS best quote; not order-level queue data
47557,1517065665783008125,AUSE,55.87,55.88,21400,9069,0.010000000000005116,data_contracts/fixtures/public_iex/20180127_IEXTP1_TOPS1.6.pcap.gz,aggregated TOPS best quote; not order-level queue data
47562,1517065665787463974,AUSE,55.87,55.88,21314,9069,0.010000000000005116,data_contracts/fixtures/public_iex/20180127_IEXTP1_TOPS1.6.pcap.gz,aggregated TOPS best quote; not order-level queue data
47575,1517065665909782699,AUSE,55.87,55.88,17826,9069,0.010000000000005116,data_contracts/fixtures/public_iex/20180127_IEXTP1_TOPS1.6.pcap.gz,aggregated TOPS best quote; not order-level queue data
47582,1517065666036452560,AUSE,55.87,55.88,13547,9069,0.010000000000005116,data_contracts/fixtures/public_iex/20180127_IEXTP1_TOPS1.6.pcap.gz,aggregated TOPS best quote; not order-level queue data
47590,1517065666069216218,AUSE,55.87,55.88,13547,5680,0.010000000000005116,data_contracts/fixtures/public_iex/20180127_IEXTP1_TOPS1.6.pcap.gz,aggregated TOPS best quote; not order-level queue data
47595,1517065666132654093,AUSE,55.87,55.88,13547,4189,0.010000000000005116,data_contracts/fixtures/public_iex/20180127_IEXTP1_TOPS1.6.pcap.gz,aggregated TOPS best quote; not order-level queue data
47598,1517065666142263268,AUSE,55.87,55.88,8311,4189,0.010000000000005116,data_contracts/fixtures/public_iex/20180127_IEXTP1_TOPS1.6.pcap.gz,aggregated TOPS best quote; not order-level queue data
47600,1517065666150046671,AUSE,55.87,55.88,8311,4139,0.010000000000005116,data_contracts/fixtures/public_iex/20180127_IEXTP1_TOPS1.6.pcap.gz,aggregated TOPS best quote; not order-level queue data
47604,1517065666166933671,AUSE,55.87,55.88,6082,4139,0.010000000000005116,data_contracts/fixtures/public_iex/20180127_IEXTP1_TOPS1.6.pcap.gz,aggregated TOPS best quote; not order-level queue data
47612,1517065666197935053,AUSE,55.86,55.87,137,4139,0.00999999999999801,data_contracts/fixtures/public_iex/20180127_IEXTP1_TOPS1.6.pcap.gz,aggregated TOPS best quote; not order-level queue data
47614,1517065666213215962,AUSE,55.86,55.87,137,2772,0.00999999999999801,data_contracts/fixtures/public_iex/20180127_IEXTP1_TOPS1.6.pcap.gz,aggregated TOPS best quote; not order-level queue data
47618,1517065666254284350,AUSE,55.86,55.89,137,13147,0.030000000000001137,data_contracts/fixtures/public_iex/20180127_IEXTP1_TOPS1.6.pcap.gz,aggregated TOPS best quote; not order-level queue data
47624,1517065666289496793,AUSE,55.85,55.89,25102,13147,0.03999999999999915,data_contracts/fixtures/public_iex/20180127_IEXTP1_TOPS1.6.pcap.gz,aggregated TOPS best quote; not order-level queue data
47625,1517065666318182099,AUSE,55.85,55.87,25102,1667,0.01999999999999602,data_contracts/fixtures/public_iex/20180127_IEXTP1_TOPS1.6.pcap.gz,aggregated TOPS best quote; not order-level queue data
47628,1517065666325400854,AUSE,55.85,55.89,25102,13147,0.03999999999999915,data_contracts/fixtures/public_iex/20180127_IEXTP1_TOPS1.6.pcap.gz,aggregated TOPS best quote; not order-level queue data
47632,1517065666400372441,AUSE,55.85,55.89,33788,13147,0.03999999999999915,data_contracts/fixtures/public_iex/20180127_IEXTP1_TOPS1.6.pcap.gz,aggregated TOPS best quote; not order-level queue data
47640,1517065666434469146,AUSE,55.88,55.89,1047,13147,0.00999999999999801,data_contracts/fixtures/public_iex/20180127_IEXTP1_TOPS1.6.pcap.gz,aggregated TOPS best quote; not order-level queue data
47643,1517065666445213393,AUSE,55.85,55.89,33788,13147,0.03999999999999915,data_contracts/fixtures/public_iex/20180127_IEXTP1_TOPS1.6.pcap.gz,aggregated TOPS best quote; not order-level queue data
47652,1517065666581845170,AUSE,55.85,55.89,29072,13147,0.03999999999999915,data_contracts/fixtures/public_iex/20180127_IEXTP1_TOPS1.6.pcap.gz,aggregated TOPS best quote; not order-level queue data
47654,1517065666592588612,AUSE,55.85,55.89,24508,13147,0.03999999999999915,data_contracts/fixtures/public_iex/20180127_IEXTP1_TOPS1.6.pcap.gz,aggregated TOPS best quote; not order-level queue data
47658,1517065666669297680,AUSE,55.87,55.89,3658,13147,0.020000000000003126,data_contracts/fixtures/public_iex/20180127_IEXTP1_TOPS1.6.pcap.gz,aggregated TOPS best quote; not order-level queue data
47660,1517065666679952377,AUSE,55.87,55.89,1344,13147,0.020000000000003126,data_contracts/fixtures/public_iex/20180127_IEXTP1_TOPS1.6.pcap.gz,aggregated TOPS best quote; not order-level queue data
47665,1517065666699553082,AUSE,55.85,55.89,24508,13147,0.03999999999999915,data_contracts/fixtures/public_iex/20180127_IEXTP1_TOPS1.6.pcap.gz,aggregated TOPS best quote; not order-level queue data
47668,1517065666734871695,AUSE,55.85,55.89,24508,8523,0.03999999999999915,data_contracts/fixtures/public_iex/20180127_IEXTP1_TOPS1.6.pcap.gz,aggregated TOPS best quote; not order-level queue data
47670,1517065666745869096,AUSE,55.85,55.89,24508,5819,0.03999999999999915,data_contracts/fixtures/public_iex/20180127_IEXTP1_TOPS1.6.pcap.gz,aggregated TOPS best quote; not order-level queue data
47674,1517065666790416139,AUSE,55.85,55.89,15609,5819,0.03999999999999915,data_contracts/fixtures/public_iex/20180127_IEXTP1_TOPS1.6.pcap.gz,aggregated TOPS best quote; not order-level queue data
47676,1517065666827637003,AUSE,55.85,55.89,14596,5819,0.03999999999999915,data_contracts/fixtures/public_iex/20180127_IEXTP1_TOPS1.6.pcap.gz,aggregated TOPS best quote; not order-level queue data
47684,1517065666855658795,AUSE,55.85,55.9,14596,2581,0.04999999999999716,data_contracts/fixtures/public_iex/20180127_IEXTP1_TOPS1.6.pcap.gz,aggregated TOPS best quote; not order-level queue data
47687,1517065666906245883,AUSE,55.85,55.9,14596,5333,0.04999999999999716,data_contracts/fixtures/public_iex/20180127_IEXTP1_TOPS1.6.pcap.gz,aggregated TOPS best quote; not order-level queue data
47692,1517065666940432829,AUSE,55.85,55.9,8822,5333,0.04999999999999716,data_contracts/fixtures/public_iex/20180127_IEXTP1_TOPS1.6.pcap.gz,aggregated TOPS best quote; not order-level queue data
47695,1517065666995666287,AUSE,55.85,55.9,6961,5333,0.04999999999999716,data_contracts/fixtures/public_iex/20180127_IEXTP1_TOPS1.6.pcap.gz,aggregated TOPS best quote; not order-level queue data
47697,1517065667005046578,AUSE,55.85,55.9,6961,3901,0.04999999999999716,data_contracts/fixtures/public_iex/20180127_IEXTP1_TOPS1.6.pcap.gz,aggregated TOPS best quote; not order-level queue data
47698,1517065667029079355,AUSE,55.85,55.9,13280,3901,0.04999999999999716,data_contracts/fixtures/public_iex/20180127_IEXTP1_TOPS1.6.pcap.gz,aggregated TOPS best quote; not order-level queue data
47703,1517065667068524366,AUSE,55.85,55.9,7035,3901,0.04999999999999716,data_contracts/fixtures/public_iex/20180127_IEXTP1_TOPS1.6.pcap.gz,aggregated TOPS best quote; not order-level queue data
47707,1517065667102060829,AUSE,55.85,55.9,7035,2715,0.04999999999999716,data_contracts/fixtures/public_iex/20180127_IEXTP1_TOPS1.6.pcap.gz,aggregated TOPS best quote; not order-level queue data
47708,1517065667121215933,AUSE,55.87,55.9,5625,2715,0.030000000000001137,data_contracts/fixtures/public_iex/20180127_IEXTP1_TOPS1.6.pcap.gz,aggregated TOPS best quote; not order-level queue data
47709,1517065667157610657,AUSE,55.88,55.9,8125,2715,0.01999999999999602,data_contracts/fixtures/public_iex/20180127_IEXTP1_TOPS1.6.pcap.gz,aggregated TOPS best quote; not order-level queue data
47711,1517065667165287488,AUSE,55.88,55.9,8030,2715,0.01999999999999602,data_contracts/fixtures/public_iex/20180127_IEXTP1_TOPS1.6.pcap.gz,aggregated TOPS best quote; not order-level queue data
47716,1517065667189396820,AUSE,55.88,55.91,8030,13216,0.02999999999999403,data_contracts/fixtures/public_iex/20180127_IEXTP1_TOPS1.6.pcap.gz,aggregated TOPS best quote; not order-level queue data
47717,1517065667198730448,AUSE,55.88,55.9,8030,7926,0.01999999999999602,data_contracts/fixtures/public_iex/20180127_IEXTP1_TOPS1.6.pcap.gz,aggregated TOPS best quote; not order-level queue data
47719,1517065667219406435,AUSE,55.88,55.9,8030,7831,0.01999999999999602,data_contracts/fixtures/public_iex/20180127_IEXTP1_TOPS1.6.pcap.gz,aggregated TOPS best quote; not order-level queue data
47721,1517065667225229684,AUSE,55.88,55.9,2020,7831,0.01999999999999602,data_contracts/fixtures/public_iex/20180127_IEXTP1_TOPS1.6.pcap.gz,aggregated TOPS best quote; not order-level queue data
47722,1517065667267195546,AUSE,55.88,55.9,2020,16099,0.01999999999999602,data_contracts/fixtures/public_iex/20180127_IEXTP1_TOPS1.6.pcap.gz,aggregated TOPS best quote; not order-level queue data
47725,1517065667291588638,AUSE,55.87,55.9,2520,16099,0.030000000000001137,data_contracts/fixtures/public_iex/20180127_IEXTP1_TOPS1.6.pcap.gz,aggregated TOPS best quote; not order-level queue data
47727,1517065667302651779,AUSE,55.87,55.9,209,16099,0.030000000000001137,data_contracts/fixtures/public_iex/20180127_IEXTP1_TOPS1.6.pcap.gz,aggregated TOPS best quote; not order-level queue data
47733,1517065667320683366,AUSE,55.87,55.9,209,11100,0.030000000000001137,data_contracts/fixtures/public_iex/20180127_IEXTP1_TOPS1.6.pcap.gz,aggregated TOPS best quote; not order-level queue data
47735,1517065667336469119,AUSE,55.87,55.9,166,11100,0.030000000000001137,data_contracts/fixtures/public_iex/20180127_IEXTP1_TOPS1.6.pcap.gz,aggregated TOPS best quote; not order-level queue data
47737,1517065667361588759,AUSE,55.85,55.9,7035,11100,0.04999999999999716,data_contracts/fixtures/public_iex/20180127_IEXTP1_TOPS1.6.pcap.gz,aggregated TOPS best quote; not order-level queue data
47739,1517065667383345289,AUSE,55.85,55.9,7035,11058,0.04999999999999716,data_contracts/fixtures/public_iex/20180127_IEXTP1_TOPS1.6.pcap.gz,aggregated TOPS best quote; not order-level queue data
47740,1517065667429314005,AUSE,55.85,55.88,7035,5520,0.030000000000001137,data_contracts/fixtures/public_iex/20180127_IEXTP1_TOPS1.6.pcap.gz,aggregated TOPS best quote; not order-level queue data
47744,1517065667491887964,AUSE,55.85,55.88,2583,5520,0.030000000000001137,data_contracts/fixtures/public_iex/20180127_IEXTP1_TOPS1.6.pcap.gz,aggregated TOPS best quote; not order-level queue data
47748,1517065667526161557,AUSE,55.85,55.88,147,5520,0.030000000000001137,data_contracts/fixtures/public_iex/20180127_IEXTP1_TOPS1.6.pcap.gz,aggregated TOPS best quote; not order-level queue data
47753,1517065667554418090,AUSE,55.84,55.88,31121,5520,0.03999999999999915,data_contracts/fixtures/public_iex/20180127_IEXTP1_TOPS1.6.pcap.gz,aggregated TOPS best quote; not order-level queue data
47755,1517065667588002635,AUSE,55.84,55.88,31121,5422,0.03999999999999915,data_contracts/fixtures/public_iex/20180127_IEXTP1_TOPS1.6.pcap.gz,aggregated TOPS best quote; not order-level queue data
47757,1517065667629775765,AUSE,55.84,55.88,31121,2492,0.03999999999999915,data_contracts/fixtures/public_iex/20180127_IEXTP1_TOPS1.6.pcap.gz,aggregated TOPS best quote; not order-level queue data
47760,1517065667642045333,AUSE,55.84,55.9,31121,13297,0.05999999999999517,data_contracts/fixtures/public_iex/20180127_IEXTP1_TOPS1.6.pcap.gz,aggregated TOPS best quote; not order-level queue data
47763,1517065667666907062,AUSE,55.84,55.9,27246,13297,0.05999999999999517,data_contracts/fixtures/public_iex/20180127_IEXTP1_TOPS1.6.pcap.gz,aggregated TOPS best quote; not order-level queue data
47764,1517065667684696364,AUSE,55.84,55.9,27246,22058,0.05999999999999517,data_contracts/fixtures/public_iex/20180127_IEXTP1_TOPS1.6.pcap.gz,aggregated TOPS best quote; not order-level queue data
47766,1517065667696562896,AUSE,55.84,55.9,27246,20145,0.05999999999999517,data_contracts/fixtures/public_iex/20180127_IEXTP1_TOPS1.6.pcap.gz,aggregated TOPS best quote; not order-level queue data
47770,1517065667717783637,AUSE,55.84,55.9,19798,20145,0.05999999999999517,data_contracts/fixtures/public_iex/20180127_IEXTP1_TOPS1.6.pcap.gz,aggregated TOPS best quote; not order-level queue data
47773,1517065667779962651,AUSE,55.84,55.89,19798,1444,0.04999999999999716,data_contracts/fixtures/public_iex/20180127_IEXTP1_TOPS1.6.pcap.gz,aggregated TOPS best quote; not order-level queue data
47775,1517065667794001488,AUSE,55.84,55.89,19798,1397,0.04999999999999716,data_contracts/fixtures/public_iex/20180127_IEXTP1_TOPS1.6.pcap.gz,aggregated TOPS best quote; not order-level queue data
47776,1517065667826903897,AUSE,55.84,55.87,19798,3826,0.02999999999999403,data_contracts/fixtures/public_iex/20180127_IEXTP1_TOPS1.6.pcap.gz,aggregated TOPS best quote; not order-level queue data
47780,1517065667842879081,AUSE,55.84,55.89,19798,1397,0.04999999999999716,data_contracts/fixtures/public_iex/20180127_IEXTP1_TOPS1.6.pcap.gz,aggregated TOPS best quote; not order-level queue data
47783,1517065667883235678,AUSE,55.84,55.89,20372,1397,0.04999999999999716,data_contracts/fixtures/public_iex/20180127_IEXTP1_TOPS1.6.pcap.gz,aggregated TOPS best quote; not order-level queue data
47789,1517065668032314702,AUSE,55.84,55.89,13061,1397,0.04999999999999716,data_contracts/fixtures/public_iex/20180127_IEXTP1_TOPS1.6.pcap.gz,aggregated TOPS best quote; not order-level queue data
47790,1517065668068746904,AUSE,55.84,55.87,13061,3139,0.02999999999999403,data_contracts/fixtures/public_iex/20180127_IEXTP1_TOPS1.6.pcap.gz,aggregated TOPS best quote; not order-level queue data
47791,1517065668078559675,AUSE,55.84,55.87,18924,3139,0.02999999999999403,data_contracts/fixtures/public_iex/20180127_IEXTP1_TOPS1.6.pcap.gz,aggregated TOPS best quote; not order-level queue data
47796,1517065668099379028,AUSE,55.84,55.87,18924,2315,0.02999999999999403,data_contracts/fixtures/public_iex/20180127_IEXTP1_TOPS1.6.pcap.gz,aggregated TOPS best quote; not order-level queue data
47797,1517065668175926180,AUSE,55.84,55.86,18924,3619,0.01999999999999602,data_contracts/fixtures/public_iex/20180127_IEXTP1_TOPS1.6.pcap.gz,aggregated TOPS best quote; not order-level queue data
47803,1517065668280729856,AUSE,55.84,55.86,18924,3619,0.01999999999999602,data_contracts/fixtures/public_iex/20180127_IEXTP1_TOPS1.6.pcap.gz,aggregated TOPS best quote; not order-level queue data
47807,1517065668292783229,AUSE,55.84,55.87,18924,2315,0.02999999999999403,data_contracts/fixtures/public_iex/20180127_IEXTP1_TOPS1.6.pcap.gz,aggregated TOPS best quote; not order-level queue data
47812,1517065668341353489,AUSE,55.84,55.87,12517,2315,0.02999999999999403,data_contracts/fixtures/public_iex/20180127_IEXTP1_TOPS1.6.pcap.gz,aggregated TOPS best quote; not order-level queue data
47816,1517065668361335105,AUSE,55.84,55.87,12517,1064,0.02999999999999403,data_contracts/fixtures/public_iex/20180127_IEXTP1_TOPS1.6.pcap.gz,aggregated TOPS best quote; not order-level queue data
47820,1517065668375757776,AUSE,55.84,55.88,12517,7378,0.03999999999999915,data_contracts/fixtures/public_iex/20180127_IEXTP1_TOPS1.6.pcap.gz,aggregated TOPS best quote; not order-level queue data
47821,1517065668391460147,AUSE,55.84,55.86,12517,912,0.01999999999999602,data_contracts/fixtures/public_iex/20180127_IEXTP1_TOPS1.6.pcap.gz,aggregated TOPS best quote; not order-level queue data
47823,1517065668430487396,AUSE,55.84,55.86,9531,912,0.01999999999999602,data_contracts/fixtures/public_iex/20180127_IEXTP1_TOPS1.6.pcap.gz,aggregated TOPS best quote; not order-level queue data
47827,1517065668437348321,AUSE,55.84,55.86,5408,912,0.01999999999999602,data_contracts/fixtures/public_iex/20180127_IEXTP1_TOPS1.6.pcap.gz,aggregated TOPS best quote; not order-level queue data
47833,1517065668466293244,AUSE,55.84,55.88,5408,7378,0.03999999999999915,data_contracts/fixtures/public_iex/20180127_IEXTP1_TOPS1.6.pcap.gz,aggregated TOPS best quote; not order-level queue data
47835,1517065668479586312,AUSE,55.84,55.88,5408,1616,0.03999999999999915,data_contracts/fixtures/public_iex/20180127_IEXTP1_TOPS1.6.pcap.gz,aggregated TOPS best quote; not order-level queue data
47836,1517065668528944499,AUSE,55.84,55.88,10794,1616,0.03999999999999915,data_contracts/fixtures/public_iex/20180127_IEXTP1_TOPS1.6.pcap.gz,aggregated TOPS best quote; not order-level queue data
47837,1517065668611891818,AUSE,55.85,55.88,9152,1616,0.030000000000001137,data_contracts/fixtures/public_iex/20180127_IEXTP1_TOPS1.6.pcap.gz,aggregated TOPS best quote; not order-level queue data
47838,1517065668637397648,AUSE,55.85,55.88,9152,1920,0.030000000000001137,data_contracts/fixtures/public_iex/20180127_IEXTP1_TOPS1.6.pcap.gz,aggregated TOPS best quote; not order-level queue data
47840,1517065668648734296,AUSE,55.85,55.88,2573,1920,0.030000000000001137,data_contracts/fixtures/public_iex/20180127_IEXTP1_TOPS1.6.pcap.gz,aggregated TOPS best quote; not order-level queue data
47843,1517065668661904887,AUSE,55.84,55.88,7331,1920,0.03999999999999915,data_contracts/fixtures/public_iex/20180127_IEXTP1_TOPS1.6.pcap.gz,aggregated TOPS best quote; not order-level queue data
47844,1517065668698658696,AUSE,55.84,55.87,7331,6912,0.02999999999999403,data_contracts/fixtures/public_iex/20180127_IEXTP1_TOPS1.6.pcap.gz,aggregated TOPS best quote; not order-level queue data
47845,1517065668735411814,AUSE,55.84,55.87,8750,6912,0.02999999999999403,data_contracts/fixtures/public_iex/20180127_IEXTP1_TOPS1.6.pcap.gz,aggregated TOPS best quote; not order-level queue data
47847,1517065668759580620,AUSE,55.84,55.87,8750,6043,0.02999999999999403,data_contracts/fixtures/public_iex/20180127_IEXTP1_TOPS1.6.pcap.gz,aggregated TOPS best quote; not order-level queue data
47851,1517065668771210820,AUSE,55.84,55.87,7717,6043,0.02999999999999403,data_contracts/fixtures/public_iex/20180127_IEXTP1_TOPS1.6.pcap.gz,aggregated TOPS best quote; not order-level queue data
47854,1517065668782051424,AUSE,55.84,55.87,7717,356,0.02999999999999403,data_contracts/fixtures/public_iex/20180127_IEXTP1_TOPS1.6.pcap.gz,aggregated TOPS best quote; not order-level queue data
47859,1517065668798201847,AUSE,55.84,55.87,1993,356,0.02999999999999403,data_contracts/fixtures/public_iex/20180127_IEXTP1_TOPS1.6.pcap.gz,aggregated TOPS best quote; not order-level queue data
47865,1517065668863703938,AUSE,55.84,55.87,1993,679,0.02999999999999403,data_contracts/fixtures/public_iex/20180127_IEXTP1_TOPS1.6.pcap.gz,aggregated TOPS best quote; not order-level queue data
47871,1517065668895137987,AUSE,55.84,55.87,1605,679,0.02999999999999403,data_contracts/fixtures/public_iex/20180127_IEXTP1_TOPS1.6.pcap.gz,aggregated TOPS best quote; not order-level queue data
47872,1517065668942158326,AUSE,55.84,55.87,9317,679,0.02999999999999403,data_contracts/fixtures/public_iex/20180127_IEXTP1_TOPS1.6.pcap.gz,aggregated TOPS best quote; not order-level queue data
47875,1517065669020759851,AUSE,55.84,55.88,9317,1920,0.03999999999999915,data_contracts/fixtures/public_iex/20180127_IEXTP1_TOPS1.6.pcap.gz,aggregated TOPS best quote; not order-level queue data
47886,1517065669149724792,AUSE,55.84,55.88,6335,1920,0.03999999999999915,data_contracts/fixtures/public_iex/20180127_IEXTP1_TOPS1.6.pcap.gz,aggregated TOPS best quote; not order-level queue data
47888,1517065669198207789,AUSE,55.84,55.88,1328,1920,0.03999999999999915,data_contracts/fixtures/public_iex/20180127_IEXTP1_TOPS1.6.pcap.gz,aggregated TOPS best quote; not order-level queue data
47896,1517065669295060892,AUSE,55.83,55.88,22426,1920,0.05000000000000426,data_contracts/fixtures/public_iex/20180127_IEXTP1_TOPS1.6.pcap.gz,aggregated TOPS best quote; not order-level queue data
47904,1517065669344048925,AUSE,55.84,55.88,2594,1920,0.03999999999999915,data_contracts/fixtures/public_iex/20180127_IEXTP1_TOPS1.6.pcap.gz,aggregated TOPS best quote; not order-level queue data
47907,1517065669368237798,AUSE,55.84,55.88,2594,304,0.03999999999999915,data_contracts/fixtures/public_iex/20180127_IEXTP1_TOPS1.6.pcap.gz,aggregated TOPS best quote; not order-level queue data
47911,1517065669438146056,AUSE,55.84,55.85,2594,730,0.00999999999999801,data_contracts/fixtures/public_iex/20180127_IEXTP1_TOPS1.6.pcap.gz,aggregated TOPS best quote; not order-level queue data
47916,1517065669472638599,AUSE,55.83,55.85,22426,730,0.020000000000003126,data_contracts/fixtures/public_iex/20180127_IEXTP1_TOPS1.6.pcap.gz,aggregated TOPS best quote; not order-level queue data
47917,1517065669554989698,AUSE,55.83,55.85,27212,730,0.020000000000003126,data_contracts/fixtures/public_iex/20180127_IEXTP1_TOPS1.6.pcap.gz,aggregated TOPS best quote; not order-level queue data
47918,1517065669565719724,AUSE,55.83,55.85,30985,730,0.020000000000003126,data_contracts/fixtures/public_iex/20180127_IEXTP1_TOPS1.6.pcap.gz,aggregated TOPS best quote; not order-level queue data
47920,1517065669585971322,AUSE,55.83,55.85,36179,730,0.020000000000003126,data_contracts/fixtures/public_iex/20180127_IEXTP1_TOPS1.6.pcap.gz,aggregated TOPS best quote; not order-level queue data
47924,1517065669616229727,AUSE,55.83,55.85,35929,730,0.020000000000003126,data_contracts/fixtures/public_iex/20180127_IEXTP1_TOPS1.6.pcap.gz,aggregated TOPS best quote; not order-level queue data
47927,1517065669752268577,AUSE,55.83,55.85,35929,908,0.020000000000003126,data_contracts/fixtures/public_iex/20180127_IEXTP1_TOPS1.6.pcap.gz,aggregated TOPS best quote; not order-level queue data
47929,1517065669816280044,AUSE,55.83,55.85,35867,908,0.020000000000003126,data_contracts/fixtures/public_iex/20180127_IEXTP1_TOPS1.6.pcap.gz,aggregated TOPS best quote; not order-level queue data
47937,1517065669882860450,AUSE,55.83,55.85,35867,730,0.020000000000003126,data_contracts/fixtures/public_iex/20180127_IEXTP1_TOPS1.6.pcap.gz,aggregated TOPS best quote; not order-level queue data
47940,1517065669897897763,AUSE,55.83,55.85,35867,730,0.020000000000003126,data_contracts/fixtures/public_iex/20180127_IEXTP1_TOPS1.6.pcap.gz,aggregated TOPS best quote; not order-level queue data
47942,1517065669946857052,AUSE,55.83,55.85,33874,730,0.020000000000003126,data_contracts/fixtures/public_iex/20180127_IEXTP1_TOPS1.6.pcap.gz,aggregated TOPS best quote; not order-level queue data
47946,1517065669981857549,AUSE,55.83,55.85,33595,730,0.020000000000003126,data_contracts/fixtures/public_iex/20180127_IEXTP1_TOPS1.6.pcap.gz,aggregated TOPS best quote; not order-level queue data
47952,1517065670017451838,AUSE,55.83,55.87,33595,720,0.03999999999999915,data_contracts/fixtures/public_iex/20180127_IEXTP1_TOPS1.6.pcap.gz,aggregated TOPS best quote; not order-level queue data
47953,1517065670064642320,AUSE,55.83,55.86,33595,3535,0.030000000000001137,data_contracts/fixtures/public_iex/20180127_IEXTP1_TOPS1.6.pcap.gz,aggregated TOPS best quote; not order-level queue data
47958,1517065670112626681,AUSE,55.83,55.86,33595,2566,0.030000000000001137,data_contracts/fixtures/public_iex/20180127_IEXTP1_TOPS1.6.pcap.gz,aggregated TOPS best quote; not order-level queue data
47962,1517065670156628779,AUSE,55.83,55.87,33595,720,0.03999999999999915,data_contracts/fixtures/public_iex/20180127_IEXTP1_TOPS1.6.pcap.gz,aggregated TOPS best quote; not order-level queue data
47969,1517065670209171999,AUSE,55.83,55.87,33595,720,0.03999999999999915,data_contracts/fixtures/public_iex/20180127_IEXTP1_TOPS1.6.pcap.gz,aggregated TOPS best quote; not order-level queue data
47970,1517065670222233427,AUSE,55.83,55.85,33595,1442,0.020000000000003126,data_contracts/fixtures/public_iex/20180127_IEXTP1_TOPS1.6.pcap.gz,aggregated TOPS best quote; not order-level queue data
47971,1517065670234488375,AUSE,55.83,55.85,33595,8953,0.020000000000003126,data_contracts/fixtures/public_iex/20180127_IEXTP1_TOPS1.6.pcap.gz,aggregated TOPS best quote; not order-level queue data
47977,1517065670326521300,AUSE,55.83,55.85,33595,5954,0.020000000000003126,data_contracts/fixtures/public_iex/20180127_IEXTP1_TOPS1.6.pcap.gz,aggregated TOPS best quote; not order-level queue data
47979,1517065670335842600,AUSE,55.83,55.85,33595,5564,0.020000000000003126,data_contracts/fixtures/public_iex/20180127_IEXTP1_TOPS1.6.pcap.gz,aggregated TOPS best quote; not order-level queue data
47981,1517065670368843619,AUSE,55.83,55.85,33595,5518,0.020000000000003126,data_contracts/fixtures/public_iex/20180127_IEXTP1_TOPS1.6.pcap.gz,aggregated TOPS best quote; not order-level queue data
47983,1517065670377979085,AUSE,55.83,55.85,33595,936,0.020000000000003126,data_contracts/fixtures/public_iex/20180127_IEXTP1_TOPS1.6.pcap.gz,aggregated TOPS best quote; not order-level queue data
47985,1517065670388810735,AUSE,55.83,55.85,33595,874,0.020000000000003126,data_contracts/fixtures/public_iex/20180127_IEXTP1_TOPS1.6.pcap.gz,aggregated TOPS best quote; not order-level queue data
47990,1517065670398149783,AUSE,55.83,55.87,33595,720,0.03999999999999915,data_contracts/fixtures/public_iex/20180127_IEXTP1_TOPS1.6.pcap.gz,aggregated TOPS best quote; not order-level queue data
47992,1517065670425130488,AUSE,55.86,55.87,4417,720,0.00999999999999801,data_contracts/fixtures/public_iex/20180127_IEXTP1_TOPS1.6.pcap.gz,aggregated TOPS best quote; not order-level queue data
47998,1517065670471904641,AUSE,55.86,55.88,4417,7260,0.020000000000003126,data_contracts/fixtures/public_iex/20180127_IEXTP1_TOPS1.6.pcap.gz,aggregated TOPS best quote; not order-level queue data
48003,1517065670483818564,AUSE,55.86,55.88,4417,304,0.020000000000003126,data_contracts/fixtures/public_iex/20180127_IEXTP1_TOPS1.6.pcap.gz,aggregated TOPS best quote; not order-level queue data
48007,1517065670521312018,AUSE,55.86,55.89,4417,3397,0.030000000000001137,data_contracts/fixtures/public_iex/20180127_IEXTP1_TOPS1.6.pcap.gz,aggregated TOPS best quote; not order-level queue data
48009,1517065670554496087,AUSE,55.86,55.89,1282,3397,0.030000000000001137,data_contracts/fixtures/public_iex/20180127_IEXTP1_TOPS1.6.pcap.gz,aggregated TOPS best quote; not order-level queue data
48012,1517065670590033559,AUSE,55.86,55.89,944,3397,0.030000000000001137,data_contracts/fixtures/public_iex/20180127_IEXTP1_TOPS1.6.pcap.gz,aggregated TOPS best quote; not order-level queue data
48016,1517065670652093386,AUSE,55.83,55.89,33595,3397,0.060000000000002274,data_contracts/fixtures/public_iex/20180127_IEXTP1_TOPS1.6.pcap.gz,aggregated TOPS best quote; not order-level queue data
48017,1517065670677414201,AUSE,55.83,55.87,33595,2822,0.03999999999999915,data_contracts/fixtures/public_iex/20180127_IEXTP1_TOPS1.6.pcap.gz,aggregated TOPS best quote; not order-level queue data
48019,1517065670711214365,AUSE,55.83,55.87,37003,2822,0.03999999999999915,data_contracts/fixtures/public_iex/20180127_IEXTP1_TOPS1.6.pcap.gz,aggregated TOPS best quote; not order-level queue data
48020,1517065670726445959,AUSE,55.83,55.85,37003,881,0.020000000000003126,data_contracts/fixtures/public_iex/20180127_IEXTP1_TOPS1.6.pcap.gz,aggregated TOPS best quote; not order-level queue data
48024,1517065670748381136,AUSE,55.83,55.85,30358,881,0.020000000000003126,data_contracts/fixtures/public_iex/20180127_IEXTP1_TOPS1.6.pcap.gz,aggregated TOPS best quote; not order-level queue data
48029,1517065670774727560,AUSE,55.83,55.87,30358,2822,0.03999999999999915,data_contracts/fixtures/public_iex/20180127_IEXTP1_TOPS1.6.pcap.gz,aggregated TOPS best quote; not order-level queue data
48031,1517065670786057924,AUSE,55.83,55.87,30358,944,0.03999999999999915,data_contracts/fixtures/public_iex/20180127_IEXTP1_TOPS1.6.pcap.gz,aggregated TOPS best quote; not order-level queue data
48032,1517065670795085965,AUSE,55.85,55.87,2307,944,0.01999999999999602,data_contracts/fixtures/public_iex/20180127_IEXTP1_TOPS1.6.pcap.gz,aggregated TOPS best quote; not order-level queue data
48033,1517065670821699601,AUSE,55.85,55.87,10903,944,0.01999999999999602,data_contracts/fixtures/public_iex/20180127_IEXTP1_TOPS1.6.pcap.gz,aggregated TOPS best quote; not order-level queue data
48034,1517065670832865142,AUSE,55.85,55.87,12147,944,0.01999999999999602,data_contracts/fixtures/public_iex/20180127_IEXTP1_TOPS1.6.pcap.gz,aggregated TOPS best quote; not order-level queue data
48037,1517065670898914801,AUSE,55.85,55.87,4536,944,0.01999999999999602,data_contracts/fixtures/public_iex/20180127_IEXTP1_TOPS1.6.pcap.gz,aggregated TOPS best quote; not order-level queue data
48039,1517065670935131068,AUSE,55.85,55.87,2519,944,0.01999999999999602,data_contracts/fixtures/public_iex/20180127_IEXTP1_TOPS1.6.pcap.gz,aggregated TOPS best quote; not order-level queue data
48043,1517065670946199550,AUSE,55.85,55.89,2519,11020,0.03999999999999915,data_contracts/fixtures/public_iex/20180127_IEXTP1_TOPS1.6.pcap.gz,aggregated TOPS best quote; not order-level queue data
48048,1517065670995113799,AUSE,55.85,55.89,716,11020,0.03999999999999915,data_contracts/fixtures/public_iex/20180127_IEXTP1_TOPS1.6.pcap.gz,aggregated TOPS best quote; not order-level queue data
48052,1517065671024725125,AUSE,55.83,55.89,30358,11020,0.060000000000002274,data_contracts/fixtures/public_iex/20180127_IEXTP1_TOPS1.6.pcap.gz,aggregated TOPS best quote; not order-level queue data
48053,1517065671036725280,AUSE,55.83,55.89,30358,11329,0.060000000000002274,data_contracts/fixtures/public_iex/20180127_IEXTP1_TOPS1.6.pcap.gz,aggregated TOPS best quote; not order-level queue data
48060,1517065671072207175,AUSE,55.83,55.89,30358,4437,0.060000000000002274,data_contracts/fixtures/public_iex/20180127_IEXTP1_TOPS1.6.pcap.gz,aggregated TOPS best quote; not order-level queue data
48061,1517065671081409271,AUSE,55.86,55.89,4489,4437,0.030000000000001137,data_contracts/fixtures/public_iex/20180127_IEXTP1_TOPS1.6.pcap.gz,aggregated TOPS best quote; not order-level queue data
48066,1517065671154400985,AUSE,55.83,55.89,30358,4437,0.060000000000002274,data_contracts/fixtures/public_iex/20180127_IEXTP1_TOPS1.6.pcap.gz,aggregated TOPS best quote; not order-level queue data
48070,1517065671166891293,AUSE,55.83,55.89,27373,4437,0.060000000000002274,data_contracts/fixtures/public_iex/20180127_IEXTP1_TOPS1.6.pcap.gz,aggregated TOPS best quote; not order-level queue data
48072,1517065671213216448,AUSE,55.84,55.89,6301,4437,0.04999999999999716,data_contracts/fixtures/public_iex/20180127_IEXTP1_TOPS1.6.pcap.gz,aggregated TOPS best quote; not order-level queue data
48079,1517065671235377088,AUSE,55.84,55.89,6301,309,0.04999999999999716,data_contracts/fixtures/public_iex/20180127_IEXTP1_TOPS1.6.pcap.gz,aggregated TOPS best quote; not order-level queue data
48082,1517065671260983927,AUSE,55.84,55.89,6055,309,0.04999999999999716,data_contracts/fixtures/public_iex/20180127_IEXTP1_TOPS1.6.pcap.gz,aggregated TOPS best quote; not order-level queue data
48086,1517065671285176615,AUSE,55.84,55.89,5144,309,0.04999999999999716,data_contracts/fixtures/public_iex/20180127_IEXTP1_TOPS1.6.pcap.gz,aggregated TOPS best quote; not order-level queue data
48087,1517065671294442909,AUSE,55.84,55.89,9436,309,0.04999999999999716,data_contracts/fixtures/public_iex/20180127_IEXTP1_TOPS1.6.pcap.gz,aggregated TOPS best quote; not order-level queue data
48093,1517065671357394823,AUSE,55.84,55.9,9436,36560,0.05999999999999517,data_contracts/fixtures/public_iex/20180127_IEXTP1_TOPS1.6.pcap.gz,aggregated TOPS best quote; not order-level queue data
48100,1517065671496159922,AUSE,55.84,55.9,9436,35639,0.05999999999999517,data_contracts/fixtures/public_iex/20180127_IEXTP1_TOPS1.6.pcap.gz,aggregated TOPS best quote; not order-level queue data
48101,1517065671507126717,AUSE,55.84,55.9,11352,35639,0.05999999999999517,data_contracts/fixtures/public_iex/20180127_IEXTP1_TOPS1.6.pcap.gz,aggregated TOPS best quote; not order-level queue data
48102,1517065671523363591,AUSE,55.86,55.9,8331,35639,0.03999999999999915,data_contracts/fixtures/public_iex/20180127_IEXTP1_TOPS1.6.pcap.gz,aggregated TOPS best quote; not order-level queue data
48103,1517065671609041075,AUSE,55.87,55.9,2362,35639,0.030000000000001137,data_contracts/fixtures/public_iex/20180127_IEXTP1_TOPS1.6.pcap.gz,aggregated TOPS best quote; not order-level queue data
48108,1517065671651345543,AUSE,55.87,55.9,9986,35639,0.030000000000001137,data_contracts/fixtures/public_iex/20180127_IEXTP1_TOPS1.6.pcap.gz,aggregated TOPS best quote; not order-level queue data
48113,1517065671747405196,AUSE,55.87,55.9,9986,30789,0.030000000000001137,data_contracts/fixtures/public_iex/20180127_IEXTP1_TOPS1.6.pcap.gz,aggregated TOPS best quote; not order-level queue data
48118,1517065671793612724,AUSE,55.87,55.9,9020,30789,0.030000000000001137,data_contracts/fixtures/public_iex/20180127_IEXTP1_TOPS1.6.pcap.gz,aggregated TOPS best quote; not order-level queue data
48121,1517065671835920311,AUSE,55.87,55.9,7112,30789,0.030000000000001137,data_contracts/fixtures/public_iex/20180127_IEXTP1_TOPS1.6.pcap.gz,aggregated TOPS best quote; not order-level queue data
48122,1517065671870750953,AUSE,55.87,55.88,7112,4208,0.010000000000005116,data_contracts/fixtures/public_iex/20180127_IEXTP1_TOPS1.6.pcap.gz,aggregated TOPS best quote; not order-level queue data
48123,1517065671881331456,AUSE,55.87,55.88,7112,8062,0.010000000000005116,data_contracts/fixtures/public_iex/20180127_IEXTP1_TOPS1.6.pcap.gz,aggregated TOPS best quote; not order-level queue data
48124,1517065671894870822,AUSE,55.87,55.88,7112,10958,0.010000000000005116,data_contracts/fixtures/public_iex/20180127_IEXTP1_TOPS1.6.pcap.gz,aggregated TOPS best quote; not order-level queue data
48127,1517065671931873551,AUSE,55.87,55.88,142,10958,0.010000000000005116,data_contracts/fixtures/public_iex/20180127_IEXTP1_TOPS1.6.pcap.gz,aggregated TOPS best quote; not order-level queue data
48128,1517065671942031435,AUSE,55.87,55.88,142,15663,0.010000000000005116,data_contracts/fixtures/public_iex/20180127_IEXTP1_TOPS1.6.pcap.gz,aggregated TOPS best quote; not order-level queue data
48130,1517065671951016883,AUSE,55.87,55.88,142,12647,0.010000000000005116,data_contracts/fixtures/public_iex/20180127_IEXTP1_TOPS1.6.pcap.gz,aggregated TOPS best quote; not order-level queue data
48133,1517065671964723359,AUSE,55.87,55.88,142,12495,0.010000000000005116,data_contracts/fixtures/public_iex/20180127_IEXTP1_TOPS1.6.pcap.gz,aggregated TOPS best quote; not order-level queue data
48137,1517065671984432049,AUSE,55.86,55.88,3585,12495,0.020000000000003126,data_contracts/fixtures/public_iex/20180127_IEXTP1_TOPS1.6.pcap.gz,aggregated TOPS best quote; not order-level queue data
48140,1517065671996419764,AUSE,55.85,55.88,2116,12495,0.030000000000001137,data_contracts/fixtures/public_iex/20180127_IEXTP1_TOPS1.6.pcap.gz,aggregated TOPS best quote; not order-level queue data
48144,1517065672037616827,AUSE,55.85,55.88,2116,6384,0.030000000000001137,data_contracts/fixtures/public_iex/20180127_IEXTP1_TOPS1.6.pcap.gz,aggregated TOPS best quote; not order-level queue data
48145,1517065672048955069,AUSE,55.85,55.88,9258,6384,0.030000000000001137,data_contracts/fixtures/public_iex/20180127_IEXTP1_TOPS1.6.pcap.gz,aggregated TOPS best quote; not order-level queue data
48149,1517065672086859564,AUSE,55.85,55.88,8158,6384,0.030000000000001137,data_contracts/fixtures/public_iex/20180127_IEXTP1_TOPS1.6.pcap.gz,aggregated TOPS best quote; not order-level queue data
48151,1517065672104605761,AUSE,55.85,55.88,8119,6384,0.030000000000001137,data_contracts/fixtures/public_iex/20180127_IEXTP1_TOPS1.6.pcap.gz,aggregated TOPS best quote; not order-level queue data
48152,1517065672199055389,AUSE,55.86,55.88,3474,6384,0.020000000000003126,data_contracts/fixtures/public_iex/20180127_IEXTP1_TOPS1.6.pcap.gz,aggregated TOPS best quote; not order-level queue data
48156,1517065672223720925,AUSE,55.85,55.88,6018,6384,0.030000000000001137,data_contracts/fixtures/public_iex/20180127_IEXTP1_TOPS1.6.pcap.gz,aggregated TOPS best quote; not order-level queue data
48162,1517065672244098598,AUSE,55.85,55.88,6018,6062,0.030000000000001137,data_contracts/fixtures/public_iex/20180127_IEXTP1_TOPS1.6.pcap.gz,aggregated TOPS best quote; not order-level queue data
48167,1517065672352295594,AUSE,55.85,55.88,6018,342,0.030000000000001137,data_contracts/fixtures/public_iex/20180127_IEXTP1_TOPS1.6.pcap.gz,aggregated TOPS best quote; not order-level queue data
48171,1517065672377919672,AUSE,55.85,55.89,6018,2333,0.03999999999999915,data_contracts/fixtures/public_iex/20180127_IEXTP1_TOPS1.6.pcap.gz,aggregated TOPS best quote; not order-level queue data
48173,1517065672441558440,AUSE,55.86,55.89,2073,2333,0.030000000000001137,data_contracts/fixtures/public_iex/20180127_IEXTP1_TOPS1.6.pcap.gz,aggregated TOPS best quote; not order-level queue data
48176,1517065672452923566,AUSE,55.86,55.89,1466,2333,0.030000000000001137,data_contracts/fixtures/public_iex/20180127_IEXTP1_TOPS1.6.pcap.gz,aggregated TOPS best quote; not order-level queue data
48177,1517065672463263533,AUSE,55.86,55.88,1466,6864,0.020000000000003126,data_contracts/fixtures/public_iex/20180127_IEXTP1_TOPS1.6.pcap.gz,aggregated TOPS best quote; not order-level queue data
48180,1517065672501762799,AUSE,55.86,55.89,1466,2333,0.030000000000001137,data_contracts/fixtures/public_iex/20180127_IEXTP1_TOPS1.6.pcap.gz,aggregated TOPS best quote; not order-level queue data
48184,1517065672593699492,AUSE,55.86,55.9,1466,38275,0.03999999999999915,data_contracts/fixtures/public_iex/20180127_IEXTP1_TOPS1.6.pcap.gz,aggregated TOPS best quote; not order-level queue data
48185,1517065672608028726,AUSE,55.86,55.88,1466,5303,0.020000000000003126,data_contracts/fixtures/public_iex/20180127_IEXTP1_TOPS1.6.pcap.gz,aggregated TOPS best quote; not order-level queue data
48187,1517065672640586935,AUSE,55.86,55.88,344,5303,0.020000000000003126,data_contracts/fixtures/public_iex/20180127_IEXTP1_TOPS1.6.pcap.gz,aggregated TOPS best quote; not order-level queue data
48188,1517065672653242087,AUSE,55.86,55.88,344,8823,0.020000000000003126,data_contracts/fixtures/public_iex/20180127_IEXTP1_TOPS1.6.pcap.gz,aggregated TOPS best quote; not order-level queue data
48192,1517065672662798513,AUSE,55.85,55.88,4829,8823,0.030000000000001137,data_contracts/fixtures/public_iex/20180127_IEXTP1_TOPS1.6.pcap.gz,aggregated TOPS best quote; not order-level queue data
48194,1517065672672111786,AUSE,55.85,55.88,4592,8823,0.030000000000001137,data_contracts/fixtures/public_iex/20180127_IEXTP1_TOPS1.6.pcap.gz,aggregated TOPS best quote; not order-level queue data
48197,1517065672777820053,AUSE,55.85,55.88,4592,6808,0.030000000000001137,data_contracts/fixtures/public_iex/20180127_IEXTP1_TOPS1.6.pcap.gz,aggregated TOPS best quote; not order-level queue data
48201,1517065672787579412,AUSE,55.85,55.88,4592,305,0.030000000000001137,data_contracts/fixtures/public_iex/20180127_IEXTP1_TOPS1.6.pcap.gz,aggregated TOPS best quote; not order-level queue data
48205,1517065672798007429,AUSE,55.85,55.88,265,305,0.030000000000001137,data_contracts/fixtures/public_iex/20180127_IEXTP1_TOPS1.6.pcap.gz,aggregated TOPS best quote; not order-level queue data
48206,1517065672876275854,AUSE,55.87,55.88,7529,305,0.010000000000005116,data_contracts/fixtures/public_iex/20180127_IEXTP1_TOPS1.6.pcap.gz,aggregated TOPS best quote; not order-level queue data
48208,1517065672886418938,AUSE,55.87,55.88,772,305,0.010000000000005116,data_contracts/fixtures/public_iex/20180127_IEXTP1_TOPS1.6.pcap.gz,aggregated TOPS best quote; not order-level queue data
48210,1517065672908373985,AUSE,55.85,55.88,265,305,0.030000000000001137,data_contracts/fixtures/public_iex/20180127_IEXTP1_TOPS1.6.pcap.gz,aggregated TOPS best quote; not order-level queue data
48219,1517065673023906346,AUSE,55.84,55.88,19369,305,0.03999999999999915,data_contracts/fixtures/public_iex/20180127_IEXTP1_TOPS1.6.pcap.gz,aggregated TOPS best quote; not order-level queue data
48222,1517065673034665471,AUSE,55.84,55.89,19369,6675,0.04999999999999716,data_contracts/fixtures/public_iex/20180127_IEXTP1_TOPS1.6.pcap.gz,aggregated TOPS best quote; not order-level queue data
48226,1517065673106092667,AUSE,55.87,55.89,2254,6675,0.020000000000003126,data_contracts/fixtures/public_iex/20180127_IEXTP1_TOPS1.6.pcap.gz,aggregated TOPS best quote; not order-level queue data
48230,1517065673119326005,AUSE,55.87,55.89,2254,3230,0.020000000000003126,data_contracts/fixtures/public_iex/20180127_IEXTP1_TOPS1.6.pcap.gz,aggregated TOPS best quote; not order-level queue data
48240,1517065673226083469,AUSE,55.84,55.89,19369,3230,0.04999999999999716,data_contracts/fixtures/public_iex/20180127_IEXTP1_TOPS1.6.pcap.gz,aggregated TOPS best quote; not order-level queue data
48243,1517065673257624112,AUSE,55.84,55.9,19369,46554,0.05999999999999517,data_contracts/fixtures/public_iex/20180127_IEXTP1_TOPS1.6.pcap.gz,aggregated TOPS best quote; not order-level queue data
48245,1517065673268759777,AUSE,55.84,55.9,16798,46554,0.05999999999999517,data_contracts/fixtures/public_iex/20180127_IEXTP1_TOPS1.6.pcap.gz,aggregated TOPS best quote; not order-level queue data
48247,1517065673301379770,AUSE,55.84,55.9,15377,46554,0.05999999999999517,data_contracts/fixtures/public_iex/20180127_IEXTP1_TOPS1.6.pcap.gz,aggregated TOPS best quote; not order-level queue data
48252,1517065673333139828,AUSE,55.84,55.9,7838,46554,0.05999999999999517,data_contracts/fixtures/public_iex/20180127_IEXTP1_TOPS1.6.pcap.gz,aggregated TOPS best quote; not order-level queue data
48254,1517065673397934991,AUSE,55.84,55.9,14696,46554,0.05999999999999517,data_contracts/fixtures/public_iex/20180127_IEXTP1_TOPS1.6.pcap.gz,aggregated TOPS best quote; not order-level queue data
48260,1517065673418180241,AUSE,55.84,55.9,11899,46554,0.05999999999999517,data_contracts/fixtures/public_iex/20180127_IEXTP1_TOPS1.6.pcap.gz,aggregated TOPS best quote; not order-level queue data
48262,1517065673476979385,AUSE,55.84,55.9,11619,46554,0.05999999999999517,data_contracts/fixtures/public_iex/20180127_IEXTP1_TOPS1.6.pcap.gz,aggregated TOPS best quote; not order-level queue data
48265,1517065673487366169,AUSE,55.84,55.9,5290,46554,0.05999999999999517,data_contracts/fixtures/public_iex/20180127_IEXTP1_TOPS1.6.pcap.gz,aggregated TOPS best quote; not order-level queue data
48271,1517065673524102692,AUSE,55.83,55.9,35934,46554,0.07000000000000028,data_contracts/fixtures/public_iex/20180127_IEXTP1_TOPS1.6.pcap.gz,aggregated TOPS best quote; not order-level queue data
48280,1517065673585279714,AUSE,55.83,55.9,35934,42550,0.07000000000000028,data_contracts/fixtures/public_iex/20180127_IEXTP1_TOPS1.6.pcap.gz,aggregated TOPS best quote; not order-level queue data
48281,1517065673620567832,AUSE,55.83,55.9,44746,42550,0.07000000000000028,data_contracts/fixtures/public_iex/20180127_IEXTP1_TOPS1.6.pcap.gz,aggregated TOPS best quote; not order-level queue data
48282,1517065673638955272,AUSE,55.83,55.9,49529,42550,0.07000000000000028,data_contracts/fixtures/public_iex/20180127_IEXTP1_TOPS1.6.pcap.gz,aggregated TOPS best quote; not order-level queue data
48285,1517065673648456418,AUSE,55.83,55.9,49529,36683,0.07000000000000028,data_contracts/fixtures/public_iex/20180127_IEXTP1_TOPS1.6.pcap.gz,aggregated TOPS best quote; not order-level queue data
48289,1517065673697745930,AUSE,55.87,55.9,4915,36683,0.030000000000001137,data_contracts/fixtures/public_iex/20180127_IEXTP1_TOPS1.6.pcap.gz,aggregated TOPS best quote; not order-level queue data
48291,1517065673758291629,AUSE,55.87,55.9,2610,36683,0.030000000000001137,data_contracts/fixtures/public_iex/20180127_IEXTP1_TOPS1.6.pcap.gz,aggregated TOPS best quote; not order-level queue data
48293,1517065673789013918,AUSE,55.87,55.9,2253,36683,0.030000000000001137,data_contracts/fixtures/public_iex/20180127_IEXTP1_TOPS1.6.pcap.gz,aggregated TOPS best quote; not order-level queue data
48295,1517065673810105818,AUSE,55.87,55.9,526,36683,0.030000000000001137,data_contracts/fixtures/public_iex/20180127_IEXTP1_TOPS1.6.pcap.gz,aggregated TOPS best quote; not order-level queue data
48296,1517065673835519063,AUSE,55.87,55.9,526,37054,0.030000000000001137,data_contracts/fixtures/public_iex/20180127_IEXTP1_TOPS1.6.pcap.gz,aggregated TOPS best quote; not order-level queue data
48300,1517065673877717842,AUSE,55.83,55.9,49529,37054,0.07000000000000028,data_contracts/fixtures/public_iex/20180127_IEXTP1_TOPS1.6.pcap.gz,aggregated TOPS best quote; not order-level queue data
48301,1517065673887998146,AUSE,55.86,55.9,6195,37054,0.03999999999999915,data_contracts/fixtures/public_iex/20180127_IEXTP1_TOPS1.6.pcap.gz,aggregated TOPS best quote; not order-level queue data
48306,1517065674001502370,AUSE,55.86,55.9,5472,37054,0.03999999999999915,data_contracts/fixtures/public_iex/20180127_IEXTP1_TOPS1.6.pcap.gz,aggregated TOPS best quote; not order-level queue data
48315,1517065674109723470,AUSE,55.86,55.9,5472,34731,0.03999999999999915,data_contracts/fixtures/public_iex/20180127_IEXTP1_TOPS1.6.pcap.gz,aggregated TOPS best quote; not order-level queue data
48316,1517065674191542702,AUSE,55.87,55.9,5673,34731,0.030000000000001137,data_contracts/fixtures/public_iex/20180127_IEXTP1_TOPS1.6.pcap.gz,aggregated TOPS best quote; not order-level queue data
48318,1517065674203473329,AUSE,55.87,55.9,5673,33603,0.030000000000001137,data_contracts/fixtures/public_iex/20180127_IEXTP1_TOPS1.6.pcap.gz,aggregated TOPS best quote; not order-level queue data
48323,1517065674235301377,AUSE,55.87,55.9,2682,33603,0.030000000000001137,data_contracts/fixtures/public_iex/20180127_IEXTP1_TOPS1.6.pcap.gz,aggregated TOPS best quote; not order-level queue data
48326,1517065674250634240,AUSE,55.87,55.9,2682,29112,0.030000000000001137,data_contracts/fixtures/public_iex/20180127_IEXTP1_TOPS1.6.pcap.gz,aggregated TOPS best quote; not order-level queue data
48327,1517065674260213316,AUSE,55.88,55.9,3418,29112,0.01999999999999602,data_contracts/fixtures/public_iex/20180127_IEXTP1_TOPS1.6.pcap.gz,aggregated TOPS best quote; not order-level queue data
48328,1517065674328442474,AUSE,55.88,55.9,3418,33979,0.01999999999999602,data_contracts/fixtures/public_iex/20180127_IEXTP1_TOPS1.6.pcap.gz,aggregated TOPS best quote; not order-level queue data
48332,1517065674369509844,AUSE,55.88,55.9,579,33979,0.01999999999999602,data_contracts/fixtures/public_iex/20180127_IEXTP1_TOPS1.6.pcap.gz,aggregated TOPS best quote; not order-level queue data
48338,1517065674394484680,AUSE,55.86,55.9,5472,33979,0.03999999999999915,data_contracts/fixtures/public_iex/20180127_IEXTP1_TOPS1.6.pcap.gz,aggregated TOPS best quote; not order-level queue data
48341,1517065674408536648,AUSE,55.86,55.9,5472,24262,0.03999999999999915,data_contracts/fixtures/public_iex/20180127_IEXTP1_TOPS1.6.pcap.gz,aggregated TOPS best quote; not order-level queue data
48343,1517065674447401057,AUSE,55.86,55.9,2877,24262,0.03999999999999915,data_contracts/fixtures/public_iex/20180127_IEXTP1_TOPS1.6.pcap.gz,aggregated TOPS best quote; not order-level queue data
48345,1517065674494679562,AUSE,55.86,55.9,1317,24262,0.03999999999999915,data_contracts/fixtures/public_iex/20180127_IEXTP1_TOPS1.6.pcap.gz,aggregated TOPS best quote; not order-level queue data
48346,1517065674581912646,AUSE,55.86,55.9,1317,33978,0.03999999999999915,data_contracts/fixtures/public_iex/20180127_IEXTP1_TOPS1.6.pcap.gz,aggregated TOPS best quote; not order-level queue data
48352,1517065674623449893,AUSE,55.86,55.9,1317,24261,0.03999999999999915,data_contracts/fixtures/public_iex/20180127_IEXTP1_TOPS1.6.pcap.gz,aggregated TOPS best quote; not order-level queue data
48354,1517065674664325696,AUSE,55.86,55.89,1317,2721,0.030000000000001137,data_contracts/fixtures/public_iex/20180127_IEXTP1_TOPS1.6.pcap.gz,aggregated TOPS best quote; not order-level queue data
48356,1517065676381244204,NTEST.A,18.25,32.35,5426,914,14.100000000000001,data_contracts/fixtures/public_iex/20180127_IEXTP1_TOPS1.6.pcap.gz,aggregated TOPS best quote; not order-level queue data
48361,1517065676994314228,NTEST.A,18.25,32.35,12263,914,14.100000000000001,data_contracts/fixtures/public_iex/20180127_IEXTP1_TOPS1.6.pcap.gz,aggregated TOPS best quote; not order-level queue data
48362,1517065677032425077,NTEST.B,18.8,32.25,3562,327,13.45,data_contracts/fixtures/public_iex/20180127_IEXTP1_TOPS1.6.pcap.gz,aggregated TOPS best quote; not order-level queue data
48363,1517065677032808760,NTEST.B,18.8,33.2,3562,9504,14.400000000000002,data_contracts/fixtures/public_iex/20180127_IEXTP1_TOPS1.6.pcap.gz,aggregated TOPS best quote; not order-level queue data
48366,1517065677457461241,NTEST.A,18.25,32.35,12263,9527,14.100000000000001,data_contracts/fixtures/public_iex/20180127_IEXTP1_TOPS1.6.pcap.gz,aggregated TOPS best quote; not order-level queue data
48381,1517065679459672636,NTEST.A,18.25,28.95,12263,6531,10.7,data_contracts/fixtures/public_iex/20180127_IEXTP1_TOPS1.6.pcap.gz,aggregated TOPS best quote; not order-level queue data
48382,1517065679483649583,NTEST.A,18.25,28.95,12263,9934,10.7,data_contracts/fixtures/public_iex/20180127_IEXTP1_TOPS1.6.pcap.gz,aggregated TOPS best quote; not order-level queue data
48412,1517065681742466619,NTEST.A,18.7,28.95,9189,9934,10.25,data_contracts/fixtures/public_iex/20180127_IEXTP1_TOPS1.6.pcap.gz,aggregated TOPS best quote; not order-level queue data
48434,1517065683791263643,AVAV,53.12,54.92,1636,1896,1.8000000000000043,data_contracts/fixtures/public_iex/20180127_IEXTP1_TOPS1.6.pcap.gz,aggregated TOPS best quote; not order-level queue data
48435,1517065683828757127,AVAV,53.12,54.92,1636,8841,1.8000000000000043,data_contracts/fixtures/public_iex/20180127_IEXTP1_TOPS1.6.pcap.gz,aggregated TOPS best quote; not order-level queue data
48436,1517065683858855633,AVAV,53.12,54.9,1636,3670,1.7800000000000011,data_contracts/fixtures/public_iex/20180127_IEXTP1_TOPS1.6.pcap.gz,aggregated TOPS best quote; not order-level queue data
48437,1517065683938732079,AVAV,53.12,54.9,6836,3670,1.7800000000000011,data_contracts/fixtures/public_iex/20180127_IEXTP1_TOPS1.6.pcap.gz,aggregated TOPS best quote; not order-level queue data
48439,1517065684003562019,AVAV,53.14,54.9,6836,3670,1.759999999999998,data_contracts/fixtures/public_iex/20180127_IEXTP1_TOPS1.6.pcap.gz,aggregated TOPS best quote; not order-level queue data
48442,1517065684032120825,AVAV,53.17,54.9,6836,3670,1.7299999999999969,data_contracts/fixtures/public_iex/20180127_IEXTP1_TOPS1.6.pcap.gz,aggregated TOPS best quote; not order-level queue data
48444,1517065684040548941,AVAV,53.17,54.9,13507,3670,1.7299999999999969,data_contracts/fixtures/public_iex/20180127_IEXTP1_TOPS1.6.pcap.gz,aggregated TOPS best quote; not order-level queue data
48445,1517065684101506450,AVAV,53.18,54.9,13507,3670,1.7199999999999989,data_contracts/fixtures/public_iex/20180127_IEXTP1_TOPS1.6.pcap.gz,aggregated TOPS best quote; not order-level queue data
48446,1517065684106284721,AVAV,53.19,54.9,13507,3670,1.7100000000000009,data_contracts/fixtures/public_iex/20180127_IEXTP1_TOPS1.6.pcap.gz,aggregated TOPS best quote; not order-level queue data
48447,1517065684110244996,AVAV,53.2,54.9,13507,3670,1.6999999999999957,data_contracts/fixtures/public_iex/20180127_IEXTP1_TOPS1.6.pcap.gz,aggregated TOPS best quote; not order-level queue data
48448,1517065684113170855,AVAV,53.2,54.9,18723,3670,1.6999999999999957,data_contracts/fixtures/public_iex/20180127_IEXTP1_TOPS1.6.pcap.gz,aggregated TOPS best quote; not order-level queue data
48449,1517065684122721919,AVAV,53.21,54.9,18723,3670,1.6899999999999977,data_contracts/fixtures/public_iex/20180127_IEXTP1_TOPS1.6.pcap.gz,aggregated TOPS best quote; not order-level queue data
48450,1517065684127061022,AVAV,53.22,54.9,18723,3670,1.6799999999999997,data_contracts/fixtures/public_iex/20180127_IEXTP1_TOPS1.6.pcap.gz,aggregated TOPS best quote; not order-level queue data
48451,1517065684131643527,AVAV,53.23,54.9,18723,3670,1.6700000000000017,data_contracts/fixtures/public_iex/20180127_IEXTP1_TOPS1.6.pcap.gz,aggregated TOPS best quote; not order-level queue data
48452,1517065684172606134,AVAV,53.24,54.9,18723,3670,1.6599999999999966,data_contracts/fixtures/public_iex/20180127_IEXTP1_TOPS1.6.pcap.gz,aggregated TOPS best quote; not order-level queue data
48453,1517065684177713938,AVAV,53.25,54.9,18723,3670,1.6499999999999986,data_contracts/fixtures/public_iex/20180127_IEXTP1_TOPS1.6.pcap.gz,aggregated TOPS best quote; not order-level queue data
48454,1517065684193224971,AVAV,53.26,54.9,18723,3670,1.6400000000000006,data_contracts/fixtures/public_iex/20180127_IEXTP1_TOPS1.6.pcap.gz,aggregated TOPS best quote; not order-level queue data
48455,1517065684198217084,AVAV,54.86,54.9,18723,3670,0.03999999999999915,data_contracts/fixtures/public_iex/20180127_IEXTP1_TOPS1.6.pcap.gz,aggregated TOPS best quote; not order-level queue data
48456,1517065684321197782,AVAV,54.86,54.9,20587,3670,0.03999999999999915,data_contracts/fixtures/public_iex/20180127_IEXTP1_TOPS1.6.pcap.gz,aggregated TOPS best quote; not order-level queue data
48457,1517065684395308877,AVAV,54.86,54.9,29143,3670,0.03999999999999915,data_contracts/fixtures/public_iex/20180127_IEXTP1_TOPS1.6.pcap.gz,aggregated TOPS best quote; not order-level queue data
48458,1517065684407035829,AVAV,54.86,54.9,29143,9111,0.03999999999999915,data_contracts/fixtures/public_iex/20180127_IEXTP1_TOPS1.6.pcap.gz,aggregated TOPS best quote; not order-level queue data
48459,1517065684458793256,AVAV,54.86,54.9,37844,9111,0.03999999999999915,data_contracts/fixtures/public_iex/20180127_IEXTP1_TOPS1.6.pcap.gz,aggregated TOPS best quote; not order-level queue data
48460,1517065684491735331,AVAV,54.86,54.9,38039,9111,0.03999999999999915,data_contracts/fixtures/public_iex/20180127_IEXTP1_TOPS1.6.pcap.gz,aggregated TOPS best quote; not order-level queue data
48461,1517065684582478567,AVAV,54.86,54.9,41412,9111,0.03999999999999915,data_contracts/fixtures/public_iex/20180127_IEXTP1_TOPS1.6.pcap.gz,aggregated TOPS best quote; not order-level queue data
48462,1517065684594111039,AVAV,54.86,54.9,42850,9111,0.03999999999999915,data_contracts/fixtures/public_iex/20180127_IEXTP1_TOPS1.6.pcap.gz,aggregated TOPS best quote; not order-level queue data
48463,1517065684736392177,AVAV,54.86,54.9,42850,11974,0.03999999999999915,data_contracts/fixtures/public_iex/20180127_IEXTP1_TOPS1.6.pcap.gz,aggregated TOPS best quote; not order-level queue data
48464,1517065685022416763,AVAV,54.86,54.9,43057,11974,0.03999999999999915,data_contracts/fixtures/public_iex/20180127_IEXTP1_TOPS1.6.pcap.gz,aggregated TOPS best quote; not order-level queue data
48465,1517065685175039772,AVAV,54.86,54.9,43364,11974,0.03999999999999915,data_contracts/fixtures/public_iex/20180127_IEXTP1_TOPS1.6.pcap.gz,aggregated TOPS best quote; not order-level queue data
48469,1517065685260518503,AVAV,54.86,54.9,42863,11974,0.03999999999999915,data_contracts/fixtures/public_iex/20180127_IEXTP1_TOPS1.6.pcap.gz,aggregated TOPS best quote; not order-level queue data
48470,1517065685261291847,AVAV,54.89,54.9,42863,11974,0.00999999999999801,data_contracts/fixtures/public_iex/20180127_IEXTP1_TOPS1.6.pcap.gz,aggregated TOPS best quote; not order-level queue data
48472,1517065685286665823,AVAV,54.89,54.9,42863,10965,0.00999999999999801,data_contracts/fixtures/public_iex/20180127_IEXTP1_TOPS1.6.pcap.gz,aggregated TOPS best quote; not order-level queue data
48474,1517065685294471923,AVAV,54.89,54.9,42863,10872,0.00999999999999801,data_contracts/fixtures/public_iex/20180127_IEXTP1_TOPS1.6.pcap.gz,aggregated TOPS best quote; not order-level queue data
48476,1517065685317743475,AVAV,54.89,54.9,42863,10794,0.00999999999999801,data_contracts/fixtures/public_iex/20180127_IEXTP1_TOPS1.6.pcap.gz,aggregated TOPS best quote; not order-level queue data
48484,1517065685386000340,AVAV,54.89,54.9,42863,4839,0.00999999999999801,data_contracts/fixtures/public_iex/20180127_IEXTP1_TOPS1.6.pcap.gz,aggregated TOPS best quote; not order-level queue data
48486,1517065685402674937,AVAV,54.89,54.9,42863,2863,0.00999999999999801,data_contracts/fixtures/public_iex/20180127_IEXTP1_TOPS1.6.pcap.gz,aggregated TOPS best quote; not order-level queue data
48487,1517065685439742965,AVAV,54.89,54.9,42863,10222,0.00999999999999801,data_contracts/fixtures/public_iex/20180127_IEXTP1_TOPS1.6.pcap.gz,aggregated TOPS best quote; not order-level queue data
48490,1517065685441014329,AVAV,54.89,54.9,42863,7309,0.00999999999999801,data_contracts/fixtures/public_iex/20180127_IEXTP1_TOPS1.6.pcap.gz,aggregated TOPS best quote; not order-level queue data
48492,1517065685441323246,AVAV,54.89,54.9,42863,6759,0.00999999999999801,data_contracts/fixtures/public_iex/20180127_IEXTP1_TOPS1.6.pcap.gz,aggregated TOPS best quote; not order-level queue data
48495,1517065685441577565,AVAV,54.9,54.91,42863,14061,0.00999999999999801,data_contracts/fixtures/public_iex/20180127_IEXTP1_TOPS1.6.pcap.gz,aggregated TOPS best quote; not order-level queue data
48502,1517065685445888815,AVAV,54.9,54.91,42863,14016,0.00999999999999801,data_contracts/fixtures/public_iex/20180127_IEXTP1_TOPS1.6.pcap.gz,aggregated TOPS best quote; not order-level queue data
48504,1517065685446210921,AVAV,54.9,54.91,42863,11131,0.00999999999999801,data_contracts/fixtures/public_iex/20180127_IEXTP1_TOPS1.6.pcap.gz,aggregated TOPS best quote; not order-level queue data
48506,1517065685446621769,AVAV,54.9,54.91,42863,10394,0.00999999999999801,data_contracts/fixtures/public_iex/20180127_IEXTP1_TOPS1.6.pcap.gz,aggregated TOPS best quote; not order-level queue data
48509,1517065685446950445,AVAV,54.9,54.91,42863,3188,0.00999999999999801,data_contracts/fixtures/public_iex/20180127_IEXTP1_TOPS1.6.pcap.gz,aggregated TOPS best quote; not order-level queue data
48514,1517065685447439418,AVAV,54.91,54.92,40999,13645,0.010000000000005116,data_contracts/fixtures/public_iex/20180127_IEXTP1_TOPS1.6.pcap.gz,aggregated TOPS best quote; not order-level queue data
48515,1517065685518364037,AVAV,54.91,54.92,47746,13645,0.010000000000005116,data_contracts/fixtures/public_iex/20180127_IEXTP1_TOPS1.6.pcap.gz,aggregated TOPS best quote; not order-level queue data
48521,1517065685567048224,AVAV,54.91,54.92,47746,13626,0.010000000000005116,data_contracts/fixtures/public_iex/20180127_IEXTP1_TOPS1.6.pcap.gz,aggregated TOPS best quote; not order-level queue data
48524,1517065685609136593,AVAV,54.91,54.92,47746,3757,0.010000000000005116,data_contracts/fixtures/public_iex/20180127_IEXTP1_TOPS1.6.pcap.gz,aggregated TOPS best quote; not order-level queue data
48528,1517065685645300888,AVAV,54.92,54.93,40692,13978,0.00999999999999801,data_contracts/fixtures/public_iex/20180127_IEXTP1_TOPS1.6.pcap.gz,aggregated TOPS best quote; not order-level queue data
48529,1517065685698322153,AVAV,54.92,54.93,40692,22677,0.00999999999999801,data_contracts/fixtures/public_iex/20180127_IEXTP1_TOPS1.6.pcap.gz,aggregated TOPS best quote; not order-level queue data
48534,1517065685698950195,AVAV,54.92,54.93,40692,19808,0.00999999999999801,data_contracts/fixtures/public_iex/20180127_IEXTP1_TOPS1.6.pcap.gz,aggregated TOPS best quote; not order-level queue data
48536,1517065685699226658,AVAV,54.92,54.93,40692,19782,0.00999999999999801,data_contracts/fixtures/public_iex/20180127_IEXTP1_TOPS1.6.pcap.gz,aggregated TOPS best quote; not order-level queue data
48540,1517065685699567081,AVAV,54.92,54.93,40692,12868,0.00999999999999801,data_contracts/fixtures/public_iex/20180127_IEXTP1_TOPS1.6.pcap.gz,aggregated TOPS best quote; not order-level queue data
48546,1517065685857436414,AVAV,54.92,54.93,38396,12868,0.00999999999999801,data_contracts/fixtures/public_iex/20180127_IEXTP1_TOPS1.6.pcap.gz,aggregated TOPS best quote; not order-level queue data
48548,1517065685867811941,AVAV,54.92,54.93,38301,12868,0.00999999999999801,data_contracts/fixtures/public_iex/20180127_IEXTP1_TOPS1.6.pcap.gz,aggregated TOPS best quote; not order-level queue data
48551,1517065685899367257,AVAV,54.92,54.93,38301,4158,0.00999999999999801,data_contracts/fixtures/public_iex/20180127_IEXTP1_TOPS1.6.pcap.gz,aggregated TOPS best quote; not order-level queue data
48558,1517065685924331794,AVAV,54.93,54.94,35848,15688,0.00999999999999801,data_contracts/fixtures/public_iex/20180127_IEXTP1_TOPS1.6.pcap.gz,aggregated TOPS best quote; not order-level queue data
48561,1517065685931764177,AVAV,54.93,54.94,35848,12748,0.00999999999999801,data_contracts/fixtures/public_iex/20180127_IEXTP1_TOPS1.6.pcap.gz,aggregated TOPS best quote; not order-level queue data
48566,1517065685959891250,AVAV,54.93,54.94,35848,10451,0.00999999999999801,data_contracts/fixtures/public_iex/20180127_IEXTP1_TOPS1.6.pcap.gz,aggregated TOPS best quote; not order-level queue data
48567,1517065685975189983,AVAV,54.93,54.94,41231,10451,0.00999999999999801,data_contracts/fixtures/public_iex/20180127_IEXTP1_TOPS1.6.pcap.gz,aggregated TOPS best quote; not order-level queue data
48570,1517065686010750748,AVAV,54.93,54.94,41231,5952,0.00999999999999801,data_contracts/fixtures/public_iex/20180127_IEXTP1_TOPS1.6.pcap.gz,aggregated TOPS best quote; not order-level queue data
48602,1517065686059309427,AVAV,54.94,54.95,24300,6686,0.010000000000005116,data_contracts/fixtures/public_iex/20180127_IEXTP1_TOPS1.6.pcap.gz,aggregated TOPS best quote; not order-level queue data
48603,1517065686068858331,AVAV,54.94,54.95,34163,6686,0.010000000000005116,data_contracts/fixtures/public_iex/20180127_IEXTP1_TOPS1.6.pcap.gz,aggregated TOPS best quote; not order-level queue data
48605,1517065686125219737,AVAV,54.94,54.95,33303,6686,0.010000000000005116,data_contracts/fixtures/public_iex/20180127_IEXTP1_TOPS1.6.pcap.gz,aggregated TOPS best quote; not order-level queue data
48607,1517065686137209401,AVAV,54.94,54.95,32036,6686,0.010000000000005116,data_contracts/fixtures/public_iex/20180127_IEXTP1_TOPS1.6.pcap.gz,aggregated TOPS best quote; not order-level queue data
48616,1517065686183136633,AVAV,54.94,54.95,30809,6686,0.010000000000005116,data_contracts/fixtures/public_iex/20180127_IEXTP1_TOPS1.6.pcap.gz,aggregated TOPS best quote; not order-level queue data
48619,1517065686202307061,AVAV,54.94,54.95,21506,6686,0.010000000000005116,data_contracts/fixtures/public_iex/20180127_IEXTP1_TOPS1.6.pcap.gz,aggregated TOPS best quote; not order-level queue data
48626,1517065686208398471,AVAV,54.95,54.96,9320,15969,0.00999999999999801,data_contracts/fixtures/public_iex/20180127_IEXTP1_TOPS1.6.pcap.gz,aggregated TOPS best quote; not order-level queue data
48628,1517065686225215556,AVAV,54.95,54.96,5136,15969,0.00999999999999801,data_contracts/fixtures/public_iex/20180127_IEXTP1_TOPS1.6.pcap.gz,aggregated TOPS best quote; not order-level queue data
48634,1517065686270081180,AVAV,54.94,54.96,5360,15969,0.020000000000003126,data_contracts/fixtures/public_iex/20180127_IEXTP1_TOPS1.6.pcap.gz,aggregated TOPS best quote; not order-level queue data
48637,1517065686298279817,AVAV,54.93,54.96,6821,15969,0.030000000000001137,data_contracts/fixtures/public_iex/20180127_IEXTP1_TOPS1.6.pcap.gz,aggregated TOPS best quote; not order-level queue data
48642,1517065686307981461,AVAV,54.93,54.96,6821,15878,0.030000000000001137,data_contracts/fixtures/public_iex/20180127_IEXTP1_TOPS1.6.pcap.gz,aggregated TOPS best quote; not order-level queue data
48645,1517065686319161335,AVAV,54.93,54.96,6821,12914,0.030000000000001137,data_contracts/fixtures/public_iex/20180127_IEXTP1_TOPS1.6.pcap.gz,aggregated TOPS best quote; not order-level queue data
48649,1517065686391997073,AVAV,54.93,54.95,6821,2159,0.020000000000003126,data_contracts/fixtures/public_iex/20180127_IEXTP1_TOPS1.6.pcap.gz,aggregated TOPS best quote; not order-level queue data
48653,1517065686410575975,AVAV,54.93,54.96,6821,12914,0.030000000000001137,data_contracts/fixtures/public_iex/20180127_IEXTP1_TOPS1.6.pcap.gz,aggregated TOPS best quote; not order-level queue data
48657,1517065686472508945,AVAV,54.95,54.96,6520,12914,0.00999999999999801,data_contracts/fixtures/public_iex/20180127_IEXTP1_TOPS1.6.pcap.gz,aggregated TOPS best quote; not order-level queue data
48658,1517065686573042947,AVAV,54.95,54.96,6520,16246,0.00999999999999801,data_contracts/fixtures/public_iex/20180127_IEXTP1_TOPS1.6.pcap.gz,aggregated TOPS best quote; not order-level queue data
48663,1517065686583138254,AVAV,54.95,54.96,6520,9696,0.00999999999999801,data_contracts/fixtures/public_iex/20180127_IEXTP1_TOPS1.6.pcap.gz,aggregated TOPS best quote; not order-level queue data
48665,1517065686631247976,AVAV,54.95,54.96,3225,9696,0.00999999999999801,data_contracts/fixtures/public_iex/20180127_IEXTP1_TOPS1.6.pcap.gz,aggregated TOPS best quote; not order-level queue data
48669,1517065686661419770,AVAV,54.94,54.96,2734,9696,0.020000000000003126,data_contracts/fixtures/public_iex/20180127_IEXTP1_TOPS1.6.pcap.gz,aggregated TOPS best quote; not order-level queue data
48675,1517065686685989382,AVAV,54.93,54.96,5663,9696,0.030000000000001137,data_contracts/fixtures/public_iex/20180127_IEXTP1_TOPS1.6.pcap.gz,aggregated TOPS best quote; not order-level queue data
48678,1517065686735162453,AVAV,54.93,54.96,1002,9696,0.030000000000001137,data_contracts/fixtures/public_iex/20180127_IEXTP1_TOPS1.6.pcap.gz,aggregated TOPS best quote; not order-level queue data
48683,1517065686808098974,AVAV,54.93,54.96,1002,8512,0.030000000000001137,data_contracts/fixtures/public_iex/20180127_IEXTP1_TOPS1.6.pcap.gz,aggregated TOPS best quote; not order-level queue data
48687,1517065686854398130,AVAV,54.93,54.96,1002,2047,0.030000000000001137,data_contracts/fixtures/public_iex/20180127_IEXTP1_TOPS1.6.pcap.gz,aggregated TOPS best quote; not order-level queue data
48689,1517065686875349667,AVAV,54.93,54.96,469,2047,0.030000000000001137,data_contracts/fixtures/public_iex/20180127_IEXTP1_TOPS1.6.pcap.gz,aggregated TOPS best quote; not order-level queue data
48699,1517065686938944925,AVAV,54.93,54.96,469,2725,0.030000000000001137,data_contracts/fixtures/public_iex/20180127_IEXTP1_TOPS1.6.pcap.gz,aggregated TOPS best quote; not order-level queue data
48703,1517065686973430141,AVAV,54.92,54.96,15046,2725,0.03999999999999915,data_contracts/fixtures/public_iex/20180127_IEXTP1_TOPS1.6.pcap.gz,aggregated TOPS best quote; not order-level queue data
48711,1517065687065872385,AVAV,54.92,54.97,15046,11338,0.04999999999999716,data_contracts/fixtures/public_iex/20180127_IEXTP1_TOPS1.6.pcap.gz,aggregated TOPS best quote; not order-level queue data
48721,1517065687275544172,AVAV,54.92,54.97,15046,4675,0.04999999999999716,data_contracts/fixtures/public_iex/20180127_IEXTP1_TOPS1.6.pcap.gz,aggregated TOPS best quote; not order-level queue data
48726,1517065687306553585,AVAV,54.92,54.98,15046,17410,0.05999999999999517,data_contracts/fixtures/public_iex/20180127_IEXTP1_TOPS1.6.pcap.gz,aggregated TOPS best quote; not order-level queue data
48731,1517065687354317907,AVAV,54.92,54.98,15046,16756,0.05999999999999517,data_contracts/fixtures/public_iex/20180127_IEXTP1_TOPS1.6.pcap.gz,aggregated TOPS best quote; not order-level queue data
48735,1517065687375531622,AVAV,54.92,54.98,13172,16756,0.05999999999999517,data_contracts/fixtures/public_iex/20180127_IEXTP1_TOPS1.6.pcap.gz,aggregated TOPS best quote; not order-level queue data
48736,1517065687435194989,AVAV,54.92,54.98,13172,18387,0.05999999999999517,data_contracts/fixtures/public_iex/20180127_IEXTP1_TOPS1.6.pcap.gz,aggregated TOPS best quote; not order-level queue data
48740,1517065687466678738,AVAV,54.92,54.98,13172,18042,0.05999999999999517,data_contracts/fixtures/public_iex/20180127_IEXTP1_TOPS1.6.pcap.gz,aggregated TOPS best quote; not order-level queue data
48744,1517065687507136566,AVAV,54.92,54.98,13172,17000,0.05999999999999517,data_contracts/fixtures/public_iex/20180127_IEXTP1_TOPS1.6.pcap.gz,aggregated TOPS best quote; not order-level queue data
48746,1517065687520202041,AVAV,54.92,54.98,8424,17000,0.05999999999999517,data_contracts/fixtures/public_iex/20180127_IEXTP1_TOPS1.6.pcap.gz,aggregated TOPS best quote; not order-level queue data
48747,1517065687571216246,AVAV,54.93,54.98,1959,17000,0.04999999999999716,data_contracts/fixtures/public_iex/20180127_IEXTP1_TOPS1.6.pcap.gz,aggregated TOPS best quote; not order-level queue data
48749,1517065687623044711,AVAV,54.93,54.98,1730,17000,0.04999999999999716,data_contracts/fixtures/public_iex/20180127_IEXTP1_TOPS1.6.pcap.gz,aggregated TOPS best quote; not order-level queue data
48750,1517065687684705783,AVAV,54.93,54.98,1730,25469,0.04999999999999716,data_contracts/fixtures/public_iex/20180127_IEXTP1_TOPS1.6.pcap.gz,aggregated TOPS best quote; not order-level queue data
48753,1517065687719772977,AVAV,54.95,54.98,2062,25469,0.02999999999999403,data_contracts/fixtures/public_iex/20180127_IEXTP1_TOPS1.6.pcap.gz,aggregated TOPS best quote; not order-level queue data
48757,1517065687731847215,AVAV,54.93,54.98,1730,25469,0.04999999999999716,data_contracts/fixtures/public_iex/20180127_IEXTP1_TOPS1.6.pcap.gz,aggregated TOPS best quote; not order-level queue data
48762,1517065687778938153,AVAV,54.93,54.98,813,25469,0.04999999999999716,data_contracts/fixtures/public_iex/20180127_IEXTP1_TOPS1.6.pcap.gz,aggregated TOPS best quote; not order-level queue data
48765,1517065687804515672,AVAV,54.93,54.98,813,24732,0.04999999999999716,data_contracts/fixtures/public_iex/20180127_IEXTP1_TOPS1.6.pcap.gz,aggregated TOPS best quote; not order-level queue data
48767,1517065687811790459,AVAV,54.93,54.98,813,19280,0.04999999999999716,data_contracts/fixtures/public_iex/20180127_IEXTP1_TOPS1.6.pcap.gz,aggregated TOPS best quote; not order-level queue data
48769,1517065687888328674,AVAV,54.93,54.95,813,9229,0.020000000000003126,data_contracts/fixtures/public_iex/20180127_IEXTP1_TOPS1.6.pcap.gz,aggregated TOPS best quote; not order-level queue data
48771,1517065687915223508,AVAV,54.93,54.95,813,1467,0.020000000000003126,data_contracts/fixtures/public_iex/20180127_IEXTP1_TOPS1.6.pcap.gz,aggregated TOPS best quote; not order-level queue data
