symbol,source_path,quote_updates,valid_quotes,trade_reports,mean_spread,median_spread,mean_trade_size,median_trade_price,first_timestamp_ns,last_timestamp_ns,limitation
A,data_contracts/fixtures/public_iex/20180127_IEXTP1_TOPS1.6.pcap.gz,3,0,0,,,,,1517058016623564338,1517072400000356870,IEX TOPS is aggregated top-of-book; no individual queue position
AA,data_contracts/fixtures/public_iex/20180127_IEXTP1_TOPS1.6.pcap.gz,3,0,0,,,,,1517058016623570941,1517072400000356870,IEX TOPS is aggregated top-of-book; no individual queue position
AAAP,data_contracts/fixtures/public_iex/20180127_IEXTP1_TOPS1.6.pcap.gz,3,0,0,,,,,1517058016623572978,1517072400000356870,IEX TOPS is aggregated top-of-book; no individual queue position
AABA,data_contracts/fixtures/public_iex/20180127_IEXTP1_TOPS1.6.pcap.gz,3,0,0,,,,,1517058016623573151,1517072400000356870,IEX TOPS is aggregated top-of-book; no individual queue position
AAC,data_contracts/fixtures/public_iex/20180127_IEXTP1_TOPS1.6.pcap.gz,3,0,0,,,,,1517058016623576821,1517072400000356870,IEX TOPS is aggregated top-of-book; no individual queue position
AADR,data_contracts/fixtures/public_iex/20180127_IEXTP1_TOPS1.6.pcap.gz,7,0,0,,,,,1517058016623576972,1517072400000356870,IEX TOPS is aggregated top-of-book; no individual queue position
AAL,data_contracts/fixtures/public_iex/20180127_IEXTP1_TOPS1.6.pcap.gz,3,0,0,,,,,1517058016623577108,1517072400000356870,IEX TOPS is aggregated top-of-book; no individual queue position
AAMC,data_contracts/fixtures/public_iex/20180127_IEXTP1_TOPS1.6.pcap.gz,3,0,0,,,,,1517058016623579199,1517072400000356870,IEX TOPS is aggregated top-of-book; no individual queue position
AAME,data_contracts/fixtures/public_iex/20180127_IEXTP1_TOPS1.6.pcap.gz,3,0,0,,,,,1517058016623579365,1517072400000356870,IEX TOPS is aggregated top-of-book; no individual queue position
AAN,data_contracts/fixtures/public_iex/20180127_IEXTP1_TOPS1.6.pcap.gz,3,0,0,,,,,1517058016623579567,1517072400000356870,IEX TOPS is aggregated top-of-book; no individual queue position
AAOI,data_contracts/fixtures/public_iex/20180127_IEXTP1_TOPS1.6.pcap.gz,3,0,0,,,,,1517058016623615362,1517072400000356870,IEX TOPS is aggregated top-of-book; no individual queue position
AAON,data_contracts/fixtures/public_iex/20180127_IEXTP1_TOPS1.6.pcap.gz,3,0,0,,,,,1517058016623616412,1517072400000356870,IEX TOPS is aggregated top-of-book; no individual queue position
AAP,data_contracts/fixtures/public_iex/20180127_IEXTP1_TOPS1.6.pcap.gz,3,0,0,,,,,1517058016623618975,1517072400000356870,IEX TOPS is aggregated top-of-book; no individual queue position
AAPL,data_contracts/fixtures/public_iex/20180127_IEXTP1_TOPS1.6.pcap.gz,7,0,0,,,,,1517058016623619146,1517072400000356870,IEX TOPS is aggregated top-of-book; no individual queue position
AAT,data_contracts/fixtures/public_iex/20180127_IEXTP1_TOPS1.6.pcap.gz,3,0,0,,,,,1517058016623621034,1517072400000356870,IEX TOPS is aggregated top-of-book; no individual queue position
AAU,data_contracts/fixtures/public_iex/20180127_IEXTP1_TOPS1.6.pcap.gz,3,0,0,,,,,1517058016623621242,1517072400000356870,IEX TOPS is aggregated top-of-book; no individual queue position
AAV,data_contracts/fixtures/public_iex/20180127_IEXTP1_TOPS1.6.pcap.gz,3,0,0,,,,,1517058016623622838,1517072400000356870,IEX TOPS is aggregated top-of-book; no individual queue position
AAWW,data_contracts/fixtures/public_iex/20180127_IEXTP1_TOPS1.6.pcap.gz,3,0,0,,,,,1517058016623623045,1517072400000356870,IEX TOPS is aggregated top-of-book; no individual queue position
AAXJ,data_contracts/fixtures/public_iex/20180127_IEXTP1_TOPS1.6.pcap.gz,3,0,0,,,,,1517058016623624737,1517072400000356870,IEX TOPS is aggregated top-of-book; no individual queue position
AAXN,data_contracts/fixtures/public_iex/20180127_IEXTP1_TOPS1.6.pcap.gz,3,0,0,,,,,1517058016623624992,1517072400000356870,IEX TOPS is aggregated top-of-book; no individual queue position
AB,data_contracts/fixtures/public_iex/20180127_IEXTP1_TOPS1.6.pcap.gz,3,0,0,,,,,1517058016623626415,1517072400000356870,IEX TOPS is aggregated top-of-book; no individual queue position
ABAC,data_contracts/fixtures/public_iex/20180127_IEXTP1_TOPS1.6.pcap.gz,3,0,0,,,,,1517058016623626585,1517072400000356870,IEX TOPS is aggregated top-of-book; no individual queue position
ABAX,data_contracts/fixtures/public_iex/20180127_IEXTP1_TOPS1.6.pcap.gz,3,0,0,,,,,1517058016623630899,1517072400000356870,IEX TOPS is aggregated top-of-book; no individual queue position
ABB,data_contracts/fixtures/public_iex/20180127_IEXTP1_TOPS1.6.pcap.gz,3,0,0,,,,,1517058016623631064,1517072400000356870,IEX TOPS is aggregated top-of-book; no individual queue position
ABBV,data_contracts/fixtures/public_iex/20180127_IEXTP1_TOPS1.6.pcap.gz,3,0,0,,,,,1517058016623631228,1517072400000356870,IEX TOPS is aggregated top-of-book; no individual queue position
ABC,data_contracts/fixtures/public_iex/20180127_IEXTP1_TOPS1.6.pcap.gz,3,0,0,,,,,1517058016623635006,1517072400000356870,IEX TOPS is aggregated top-of-book; no individual queue position
ABCB,data_contracts/fixtures/public_iex/20180127_IEXTP1_TOPS1.6.pcap.gz,3,0,0,,,,,1517058016623635180,1517072400000356870,IEX TOPS is aggregated top-of-book; no individual queue position
ABCD,data_contracts/fixtures/public_iex/20180127_IEXTP1_TOPS1.6.pcap.gz,3,0,0,,,,,1517058016623635343,1517072400000356870,IEX TOPS is aggregated top-of-book; no individual queue position
ABDC,data_contracts/fixtures/public_iex/20180127_IEXTP1_TOPS1.6.pcap.gz,3,0,0,,,,,1517058016623638225,1517072400000356870,IEX TOPS is aggregated top-of-book; no individual queue position
ABE,data_contracts/fixtures/public_iex/20180127_IEXTP1_TOPS1.6.pcap.gz,3,0,0,,,,,1517058016623638395,1517072400000356870,IEX TOPS is aggregated top-of-book; no individual queue position
ABEO,data_contracts/fixtures/public_iex/20180127_IEXTP1_TOPS1.6.pcap.gz,3,0,0,,,,,1517058016623638560,1517072400000356870,IEX TOPS is aggregated top-of-book; no individual queue position
ABEOW,data_contracts/fixtures/public_iex/20180127_IEXTP1_TOPS1.6.pcap.gz,3,0,0,,,,,1517058016623641377,1517072400000356870,IEX TOPS is aggregated top-of-book; no individual queue position
ABEV,data_contracts/fixtures/public_iex/20180127_IEXTP1_TOPS1.6.pcap.gz,3,0,0,,,,,1517058016623641579,1517072400000356870,IEX TOPS is aggregated top-of-book; no individual queue position
ABG,data_contracts/fixtures/public_iex/20180127_IEXTP1_TOPS1.6.pcap.gz,3,0,0,,,,,1517058016623641743,1517072400000356870,IEX TOPS is aggregated top-of-book; no individual queue position
ABIL,data_contracts/fixtures/public_iex/20180127_IEXTP1_TOPS1.6.pcap.gz,3,0,0,,,,,1517058016623642749,1517072400000356870,IEX TOPS is aggregated top-of-book; no individual queue position
ABIO,data_contracts/fixtures/public_iex/20180127_IEXTP1_TOPS1.6.pcap.gz,3,0,0,,,,,1517058016623642935,1517072400000356870,IEX TOPS is aggregated top-of-book; no individual queue position
ABLX,data_contracts/fixtures/public_iex/20180127_IEXTP1_TOPS1.6.pcap.gz,3,0,0,,,,,1517058016623643101,1517072400000356870,IEX TOPS is aggregated top-of-book; no individual queue position
ABM,data_contracts/fixtures/public_iex/20180127_IEXTP1_TOPS1.6.pcap.gz,3,0,0,,,,,1517058016623645545,1517072400000356870,IEX TOPS is aggregated top-of-book; no individual queue position
ABMD,data_contracts/fixtures/public_iex/20180127_IEXTP1_TOPS1.6.pcap.gz,3,0,0,,,,,1517058016623645709,1517072400000356870,IEX TOPS is aggregated top-of-book; no individual queue position
ABR,data_contracts/fixtures/public_iex/20180127_IEXTP1_TOPS1.6.pcap.gz,3,0,0,,,,,1517058016623645875,1517072400000356870,IEX TOPS is aggregated top-of-book; no individual queue position
ABR-A,data_contracts/fixtures/public_iex/20180127_IEXTP1_TOPS1.6.pcap.gz,3,0,0,,,,,1517058016623673434,1517072400000356870,IEX TOPS is aggregated top-of-book; no individual queue position
ABR-B,data_contracts/fixtures/public_iex/20180127_IEXTP1_TOPS1.6.pcap.gz,3,0,0,,,,,1517058016623674538,1517072400000356870,IEX TOPS is aggregated top-of-book; no individual queue position
ABR-C,data_contracts/fixtures/public_iex/20180127_IEXTP1_TOPS1.6.pcap.gz,3,0,0,,,,,1517058016623674714,1517072400000356870,IEX TOPS is aggregated top-of-book; no individual queue position
ABRN,data_contracts/fixtures/public_iex/20180127_IEXTP1_TOPS1.6.pcap.gz,3,0,0,,,,,1517058016623676316,1517072400000356870,IEX TOPS is aggregated top-of-book; no individual queue position
ABT,data_contracts/fixtures/public_iex/20180127_IEXTP1_TOPS1.6.pcap.gz,3,0,0,,,,,1517058016623681874,1517072400000356870,IEX TOPS is aggregated top-of-book; no individual queue position
ABTX,data_contracts/fixtures/public_iex/20180127_IEXTP1_TOPS1.6.pcap.gz,3,0,0,,,,,1517058016623682040,1517072400000356870,IEX TOPS is aggregated top-of-book; no individual queue position
ABUS,data_contracts/fixtures/public_iex/20180127_IEXTP1_TOPS1.6.pcap.gz,3,0,0,,,,,1517058016623682178,1517072400000356870,IEX TOPS is aggregated top-of-book; no individual queue position
ABX,data_contracts/fixtures/public_iex/20180127_IEXTP1_TOPS1.6.pcap.gz,3,0,0,,,,,1517058016623682315,1517072400000356870,IEX TOPS is aggregated top-of-book; no individual queue position
AC,data_contracts/fixtures/public_iex/20180127_IEXTP1_TOPS1.6.pcap.gz,3,0,0,,,,,1517058016623683295,1517072400000356870,IEX TOPS is aggregated top-of-book; no individual queue position
ACAD,data_contracts/fixtures/public_iex/20180127_IEXTP1_TOPS1.6.pcap.gz,3,0,0,,,,,1517058016623683652,1517072400000356870,IEX TOPS is aggregated top-of-book; no individual queue position
ACBI,data_contracts/fixtures/public_iex/20180127_IEXTP1_TOPS1.6.pcap.gz,3,0,0,,,,,1517058016623683794,1517072400000356870,IEX TOPS is aggregated top-of-book; no individual queue position
ACC,data_contracts/fixtures/public_iex/20180127_IEXTP1_TOPS1.6.pcap.gz,3,0,0,,,,,1517058016623684603,1517072400000356870,IEX TOPS is aggregated top-of-book; no individual queue position
ACCO,data_contracts/fixtures/public_iex/20180127_IEXTP1_TOPS1.6.pcap.gz,3,0,0,,,,,1517058016623684742,1517072400000356870,IEX TOPS is aggregated top-of-book; no individual queue position
ACER,data_contracts/fixtures/public_iex/20180127_IEXTP1_TOPS1.6.pcap.gz,3,0,0,,,,,1517058016623684973,1517072400000356870,IEX TOPS is aggregated top-of-book; no individual queue position
ACERW,data_contracts/fixtures/public_iex/20180127_IEXTP1_TOPS1.6.pcap.gz,3,0,0,,,,,1517058016623686012,1517072400000356870,IEX TOPS is aggregated top-of-book; no individual queue position
ACET,data_contracts/fixtures/public_iex/20180127_IEXTP1_TOPS1.6.pcap.gz,3,0,0,,,,,1517058016623690647,1517072400000356870,IEX TOPS is aggregated top-of-book; no individual queue position
ACFC,data_contracts/fixtures/public_iex/20180127_IEXTP1_TOPS1.6.pcap.gz,3,0,0,,,,,1517058016623690819,1517072400000356870,IEX TOPS is aggregated top-of-book; no individual queue position
ACGL,data_contracts/fixtures/public_iex/20180127_IEXTP1_TOPS1.6.pcap.gz,3,0,0,,,,,1517058016623691017,1517072400000356870,IEX TOPS is aggregated top-of-book; no individual queue position
ACGLO,data_contracts/fixtures/public_iex/20180127_IEXTP1_TOPS1.6.pcap.gz,3,0,0,,,,,1517058016623692548,1517072400000356870,IEX TOPS is aggregated top-of-book; no individual queue position
ACGLP,data_contracts/fixtures/public_iex/20180127_IEXTP1_TOPS1.6.pcap.gz,3,0,0,,,,,1517058016623692755,1517072400000356870,IEX TOPS is aggregated top-of-book; no individual queue position
ACH,data_contracts/fixtures/public_iex/20180127_IEXTP1_TOPS1.6.pcap.gz,3,0,0,,,,,1517058016623692917,1517072400000356870,IEX TOPS is aggregated top-of-book; no individual queue position
ACHC,data_contracts/fixtures/public_iex/20180127_IEXTP1_TOPS1.6.pcap.gz,3,0,0,,,,,1517058016623694513,1517072400000356870,IEX TOPS is aggregated top-of-book; no individual queue position
ACHN,data_contracts/fixtures/public_iex/20180127_IEXTP1_TOPS1.6.pcap.gz,3,0,0,,,,,1517058016623694678,1517072400000356870,IEX TOPS is aggregated top-of-book; no individual queue position
ACHV,data_contracts/fixtures/public_iex/20180127_IEXTP1_TOPS1.6.pcap.gz,3,0,0,,,,,1517058016623694837,1517072400000356870,IEX TOPS is aggregated top-of-book; no individual queue position
ACIA,data_contracts/fixtures/public_iex/20180127_IEXTP1_TOPS1.6.pcap.gz,3,0,0,,,,,1517058016623720470,1517072400000356870,IEX TOPS is aggregated top-of-book; no individual queue position
ACIM,data_contracts/fixtures/public_iex/20180127_IEXTP1_TOPS1.6.pcap.gz,3,0,0,,,,,1517058016623722248,1517072400000356870,IEX TOPS is aggregated top-of-book; no individual queue position
ACIU,data_contracts/fixtures/public_iex/20180127_IEXTP1_TOPS1.6.pcap.gz,3,0,0,,,,,1517058016623722398,1517072400000356870,IEX TOPS is aggregated top-of-book; no individual queue position
ACIW,data_contracts/fixtures/public_iex/20180127_IEXTP1_TOPS1.6.pcap.gz,3,0,0,,,,,1517058016623724317,1517072400000356870,IEX TOPS is aggregated top-of-book; no individual queue position
ACLS,data_contracts/fixtures/public_iex/20180127_IEXTP1_TOPS1.6.pcap.gz,3,0,0,,,,,1517058016623724491,1517072400000356870,IEX TOPS is aggregated top-of-book; no individual queue position
ACM,data_contracts/fixtures/public_iex/20180127_IEXTP1_TOPS1.6.pcap.gz,3,0,0,,,,,1517058016623725780,1517072400000356870,IEX TOPS is aggregated top-of-book; no individual queue position
ACMR,data_contracts/fixtures/public_iex/20180127_IEXTP1_TOPS1.6.pcap.gz,3,0,0,,,,,1517058016623725952,1517072400000356870,IEX TOPS is aggregated top-of-book; no individual queue position
ACN,data_contracts/fixtures/public_iex/20180127_IEXTP1_TOPS1.6.pcap.gz,3,0,0,,,,,1517058016623727871,1517072400000356870,IEX TOPS is aggregated top-of-book; no individual queue position
ACNB,data_contracts/fixtures/public_iex/20180127_IEXTP1_TOPS1.6.pcap.gz,3,0,0,,,,,1517058016623728039,1517072400000356870,IEX TOPS is aggregated top-of-book; no individual queue position
ACOR,data_contracts/fixtures/public_iex/20180127_IEXTP1_TOPS1.6.pcap.gz,3,0,0,,,,,1517058016623730005,1517072400000356870,IEX TOPS is aggregated top-of-book; no individual queue position
ACP,data_contracts/fixtures/public_iex/20180127_IEXTP1_TOPS1.6.pcap.gz,3,0,0,,,,,1517058016623730173,1517072400000356870,IEX TOPS is aggregated top-of-book; no individual queue position
ACRE,data_contracts/fixtures/public_iex/20180127_IEXTP1_TOPS1.6.pcap.gz,3,0,0,,,,,1517058016623730333,1517072400000356870,IEX TOPS is aggregated top-of-book; no individual queue position
ACRS,data_contracts/fixtures/public_iex/20180127_IEXTP1_TOPS1.6.pcap.gz,3,0,0,,,,,1517058016623731737,1517072400000356870,IEX TOPS is aggregated top-of-book; no individual queue position
ACRX,data_contracts/fixtures/public_iex/20180127_IEXTP1_TOPS1.6.pcap.gz,3,0,0,,,,,1517058016623731904,1517072400000356870,IEX TOPS is aggregated top-of-book; no individual queue position
ACSF,data_contracts/fixtures/public_iex/20180127_IEXTP1_TOPS1.6.pcap.gz,3,0,0,,,,,1517058016623736140,1517072400000356870,IEX TOPS is aggregated top-of-book; no individual queue position
ACSI,data_contracts/fixtures/public_iex/20180127_IEXTP1_TOPS1.6.pcap.gz,3,0,0,,,,,1517058016623736333,1517072400000356870,IEX TOPS is aggregated top-of-book; no individual queue position
ACST,data_contracts/fixtures/public_iex/20180127_IEXTP1_TOPS1.6.pcap.gz,3,0,0,,,,,1517058016623736481,1517072400000356870,IEX TOPS is aggregated top-of-book; no individual queue position
ACT,data_contracts/fixtures/public_iex/20180127_IEXTP1_TOPS1.6.pcap.gz,1,0,0,,,,,1517058016623740035,1517058016623740035,IEX TOPS is aggregated top-of-book; no individual queue position
ACTA,data_contracts/fixtures/public_iex/20180127_IEXTP1_TOPS1.6.pcap.gz,3,0,0,,,,,1517058016623740203,1517072400000356870,IEX TOPS is aggregated top-of-book; no individual queue position
ACTG,data_contracts/fixtures/public_iex/20180127_IEXTP1_TOPS1.6.pcap.gz,3,0,0,,,,,1517058016623740387,1517072400000356870,IEX TOPS is aggregated top-of-book; no individual queue position
ACU,data_contracts/fixtures/public_iex/20180127_IEXTP1_TOPS1.6.pcap.gz,3,0,0,,,,,1517058016623743397,1517072400000356870,IEX TOPS is aggregated top-of-book; no individual queue position
ACV,data_contracts/fixtures/public_iex/20180127_IEXTP1_TOPS1.6.pcap.gz,3,0,0,,,,,1517058016623743571,1517072400000356870,IEX TOPS is aggregated top-of-book; no individual queue position
ACWF,data_contracts/fixtures/public_iex/20180127_IEXTP1_TOPS1.6.pcap.gz,3,0,0,,,,,1517058016623743741,1517072400000356870,IEX TOPS is aggregated top-of-book; no individual queue position
ACWI,data_contracts/fixtures/public_iex/20180127_IEXTP1_TOPS1.6.pcap.gz,3,0,0,,,,,1517058016623745156,1517072400000356870,IEX TOPS is aggregated top-of-book; no individual queue position
ACWV,data_contracts/fixtures/public_iex/20180127_IEXTP1_TOPS1.6.pcap.gz,3,0,0,,,,,1517058016623766918,1517072400000356870,IEX TOPS is aggregated top-of-book; no individual queue position
ACWX,data_contracts/fixtures/public_iex/20180127_IEXTP1_TOPS1.6.pcap.gz,3,0,0,,,,,1517058016623768522,1517072400000356870,IEX TOPS is aggregated top-of-book; no individual queue position
ACXM,data_contracts/fixtures/public_iex/20180127_IEXTP1_TOPS1.6.pcap.gz,3,0,0,,,,,1517058016623768689,1517072400000356870,IEX TOPS is aggregated top-of-book; no individual queue position
ACY,data_contracts/fixtures/public_iex/20180127_IEXTP1_TOPS1.6.pcap.gz,3,0,0,,,,,1517058016623770250,1517072400000356870,IEX TOPS is aggregated top-of-book; no individual queue position
ADAP,data_contracts/fixtures/public_iex/20180127_IEXTP1_TOPS1.6.pcap.gz,3,0,0,,,,,1517058016623770416,1517072400000356870,IEX TOPS is aggregated top-of-book; no individual queue position
ADBE,data_contracts/fixtures/public_iex/20180127_IEXTP1_TOPS1.6.pcap.gz,3,0,0,,,,,1517058016623772251,1517072400000356870,IEX TOPS is aggregated top-of-book; no individual queue position
ADC,data_contracts/fixtures/public_iex/20180127_IEXTP1_TOPS1.6.pcap.gz,3,0,0,,,,,1517058016623772442,1517072400000356870,IEX TOPS is aggregated top-of-book; no individual queue position
ADES,data_contracts/fixtures/public_iex/20180127_IEXTP1_TOPS1.6.pcap.gz,3,0,0,,,,,1517058016623774497,1517072400000356870,IEX TOPS is aggregated top-of-book; no individual queue position
ADI,data_contracts/fixtures/public_iex/20180127_IEXTP1_TOPS1.6.pcap.gz,3,0,0,,,,,1517058016623774650,1517072400000356870,IEX TOPS is aggregated top-of-book; no individual queue position
ADM,data_contracts/fixtures/public_iex/20180127_IEXTP1_TOPS1.6.pcap.gz,3,0,0,,,,,1517058016623776423,1517072400000356870,IEX TOPS is aggregated top-of-book; no individual queue position
ADMA,data_contracts/fixtures/public_iex/20180127_IEXTP1_TOPS1.6.pcap.gz,3,0,0,,,,,1517058016623776592,1517072400000356870,IEX TOPS is aggregated top-of-book; no individual queue position
ADMP,data_contracts/fixtures/public_iex/20180127_IEXTP1_TOPS1.6.pcap.gz,3,0,0,,,,,1517058016623777839,1517072400000356870,IEX TOPS is aggregated top-of-book; no individual queue position
ADMS,data_contracts/fixtures/public_iex/20180127_IEXTP1_TOPS1.6.pcap.gz,3,0,0,,,,,1517058016623778059,1517072400000356870,IEX TOPS is aggregated top-of-book; no individual queue position
ADNT,data_contracts/fixtures/public_iex/20180127_IEXTP1_TOPS1.6.pcap.gz,3,0,0,,,,,1517058016623782086,1517072400000356870,IEX TOPS is aggregated top-of-book; no individual queue position
ADOM,data_contracts/fixtures/public_iex/20180127_IEXTP1_TOPS1.6.pcap.gz,3,0,0,,,,,1517058016623782255,1517072400000356870,IEX TOPS is aggregated top-of-book; no individual queue position
ADP,data_contracts/fixtures/public_iex/20180127_IEXTP1_TOPS1.6.pcap.gz,43,0,0,,,,,1517058016623782418,1517072400000356870,IEX TOPS is aggregated top-of-book; no individual queue position
ADRA,data_contracts/fixtures/public_iex/20180127_IEXTP1_TOPS1.6.pcap.gz,3,0,0,,,,,1517058016623786075,1517072400000356870,IEX TOPS is aggregated top-of-book; no individual queue position
ADRD,data_contracts/fixtures/public_iex/20180127_IEXTP1_TOPS1.6.pcap.gz,3,0,0,,,,,1517058016623786265,1517072400000356870,IEX TOPS is aggregated top-of-book; no individual queue position
ADRE,data_contracts/fixtures/public_iex/20180127_IEXTP1_TOPS1.6.pcap.gz,3,0,0,,,,,1517058016623786427,1517072400000356870,IEX TOPS is aggregated top-of-book; no individual queue position
ADRO,data_contracts/fixtures/public_iex/20180127_IEXTP1_TOPS1.6.pcap.gz,3,0,0,,,,,1517058016623788829,1517072400000356870,IEX TOPS is aggregated top-of-book; no individual queue position
ADRU,data_contracts/fixtures/public_iex/20180127_IEXTP1_TOPS1.6.pcap.gz,3,0,0,,,,,1517058016623788998,1517072400000356870,IEX TOPS is aggregated top-of-book; no individual queue position
ADS,data_contracts/fixtures/public_iex/20180127_IEXTP1_TOPS1.6.pcap.gz,3,0,0,,,,,1517058016623789143,1517072400000356870,IEX TOPS is aggregated top-of-book; no individual queue position
ADSK,data_contracts/fixtures/public_iex/20180127_IEXTP1_TOPS1.6.pcap.gz,3,0,0,,,,,1517058016623792908,1517072400000356870,IEX TOPS is aggregated top-of-book; no individual queue position
ADSW,data_contracts/fixtures/public_iex/20180127_IEXTP1_TOPS1.6.pcap.gz,3,0,0,,,,,1517058016623821304,1517072400000356870,IEX TOPS is aggregated top-of-book; no individual queue position
ADT,data_contracts/fixtures/public_iex/20180127_IEXTP1_TOPS1.6.pcap.gz,3,0,0,,,,,1517058016623823289,1517072400000356870,IEX TOPS is aggregated top-of-book; no individual queue position
ADTN,data_contracts/fixtures/public_iex/20180127_IEXTP1_TOPS1.6.pcap.gz,3,0,0,,,,,1517058016623823502,1517072400000356870,IEX TOPS is aggregated top-of-book; no individual queue position
ADUS,data_contracts/fixtures/public_iex/20180127_IEXTP1_TOPS1.6.pcap.gz,3,0,0,,,,,1517058016623825213,1517072400000356870,IEX TOPS is aggregated top-of-book; no individual queue position
ADVM,data_contracts/fixtures/public_iex/20180127_IEXTP1_TOPS1.6.pcap.gz,3,0,0,,,,,1517058016623825388,1517072400000356870,IEX TOPS is aggregated top-of-book; no individual queue position
ADX,data_contracts/fixtures/public_iex/20180127_IEXTP1_TOPS1.6.pcap.gz,3,0,0,,,,,1517058016623826417,1517072400000356870,IEX TOPS is aggregated top-of-book; no individual queue position
ADXS,data_contracts/fixtures/public_iex/20180127_IEXTP1_TOPS1.6.pcap.gz,3,0,0,,,,,1517058016623829727,1517072400000356870,IEX TOPS is aggregated top-of-book; no individual queue position
ADXSW,data_contracts/fixtures/public_iex/20180127_IEXTP1_TOPS1.6.pcap.gz,3,0,0,,,,,1517058016623829892,1517072400000356870,IEX TOPS is aggregated top-of-book; no individual queue position
ADZ,data_contracts/fixtures/public_iex/20180127_IEXTP1_TOPS1.6.pcap.gz,5,0,0,,,,,1517058016623830053,1517072400000356870,IEX TOPS is aggregated top-of-book; no individual queue position
AE,data_contracts/fixtures/public_iex/20180127_IEXTP1_TOPS1.6.pcap.gz,3,0,0,,,,,1517058016623830302,1517072400000356870,IEX TOPS is aggregated top-of-book; no individual queue position
AEB,data_contracts/fixtures/public_iex/20180127_IEXTP1_TOPS1.6.pcap.gz,3,0,0,,,,,1517058016623831159,1517072400000356870,IEX TOPS is aggregated top-of-book; no individual queue position
AED,data_contracts/fixtures/public_iex/20180127_IEXTP1_TOPS1.6.pcap.gz,3,0,0,,,,,1517058016623832681,1517072400000356870,IEX TOPS is aggregated top-of-book; no individual queue position
AEE,data_contracts/fixtures/public_iex/20180127_IEXTP1_TOPS1.6.pcap.gz,3,0,0,,,,,1517058016623832871,1517072400000356870,IEX TOPS is aggregated top-of-book; no individual queue position
AEG,data_contracts/fixtures/public_iex/20180127_IEXTP1_TOPS1.6.pcap.gz,3,0,0,,,,,1517058016623836083,1517072400000356870,IEX TOPS is aggregated top-of-book; no individual queue position
AEGN,data_contracts/fixtures/public_iex/20180127_IEXTP1_TOPS1.6.pcap.gz,3,0,0,,,,,1517058016623836235,1517072400000356870,IEX TOPS is aggregated top-of-book; no individual queue position
AEH,data_contracts/fixtures/public_iex/20180127_IEXTP1_TOPS1.6.pcap.gz,3,0,0,,,,,1517058016623836373,1517072400000356870,IEX TOPS is aggregated top-of-book; no individual queue position
AEHR,data_contracts/fixtures/public_iex/20180127_IEXTP1_TOPS1.6.pcap.gz,3,0,0,,,,,1517058016623840235,1517072400000356870,IEX TOPS is aggregated top-of-book; no individual queue position
AEIS,data_contracts/fixtures/public_iex/20180127_IEXTP1_TOPS1.6.pcap.gz,3,0,0,,,,,1517058016623840414,1517072400000356870,IEX TOPS is aggregated top-of-book; no individual queue position
AEK,data_contracts/fixtures/public_iex/20180127_IEXTP1_TOPS1.6.pcap.gz,3,0,0,,,,,1517058016623840567,1517072400000356870,IEX TOPS is aggregated top-of-book; no individual queue position
AEL,data_contracts/fixtures/public_iex/20180127_IEXTP1_TOPS1.6.pcap.gz,3,0,0,,,,,1517058016623841991,1517072400000356870,IEX TOPS is aggregated top-of-book; no individual queue position
AEM,data_contracts/fixtures/public_iex/20180127_IEXTP1_TOPS1.6.pcap.gz,3,0,0,,,,,1517058016623842157,1517072400000356870,IEX TOPS is aggregated top-of-book; no individual queue position
AEMD,data_contracts/fixtures/public_iex/20180127_IEXTP1_TOPS1.6.pcap.gz,3,0,0,,,,,1517058016623842343,1517072400000356870,IEX TOPS is aggregated top-of-book; no individual queue position
AEO,data_contracts/fixtures/public_iex/20180127_IEXTP1_TOPS1.6.pcap.gz,3,0,0,,,,,1517058016623844505,1517072400000356870,IEX TOPS is aggregated top-of-book; no individual queue position
AEP,data_contracts/fixtures/public_iex/20180127_IEXTP1_TOPS1.6.pcap.gz,3,0,0,,,,,1517058016623870430,1517072400000356870,IEX TOPS is aggregated top-of-book; no individual queue position
AER,data_contracts/fixtures/public_iex/20180127_IEXTP1_TOPS1.6.pcap.gz,3,0,0,,,,,1517058016623870601,1517072400000356870,IEX TOPS is aggregated top-of-book; no individual queue position
AERI,data_contracts/fixtures/public_iex/20180127_IEXTP1_TOPS1.6.pcap.gz,3,0,0,,,,,1517058016623870775,1517072400000356870,IEX TOPS is aggregated top-of-book; no individual queue position
AES,data_contracts/fixtures/public_iex/20180127_IEXTP1_TOPS1.6.pcap.gz,3,0,0,,,,,1517058016623870937,1517072400000356870,IEX TOPS is aggregated top-of-book; no individual queue position
AET,data_contracts/fixtures/public_iex/20180127_IEXTP1_TOPS1.6.pcap.gz,3,0,0,,,,,1517058016623871906,1517072400000356870,IEX TOPS is aggregated top-of-book; no individual queue position
AETI,data_contracts/fixtures/public_iex/20180127_IEXTP1_TOPS1.6.pcap.gz,3,0,0,,,,,1517058016623872033,1517072400000356870,IEX TOPS is aggregated top-of-book; no individual queue position
AEUA,data_contracts/fixtures/public_iex/20180127_IEXTP1_TOPS1.6.pcap.gz,3,0,0,,,,,1517058016623873629,1517072400000356870,IEX TOPS is aggregated top-of-book; no individual queue position
AEY,data_contracts/fixtures/public_iex/20180127_IEXTP1_TOPS1.6.pcap.gz,3,0,0,,,,,1517058016623873779,1517072400000356870,IEX TOPS is aggregated top-of-book; no individual queue position
AEZS,data_contracts/fixtures/public_iex/20180127_IEXTP1_TOPS1.6.pcap.gz,3,0,0,,,,,1517058016623873990,1517072400000356870,IEX TOPS is aggregated top-of-book; no individual queue position
AFAM,data_contracts/fixtures/public_iex/20180127_IEXTP1_TOPS1.6.pcap.gz,3,0,0,,,,,1517058016623874218,1517072400000356870,IEX TOPS is aggregated top-of-book; no individual queue position
AFB,data_contracts/fixtures/public_iex/20180127_IEXTP1_TOPS1.6.pcap.gz,3,0,0,,,,,1517058016623877409,1517072400000356870,IEX TOPS is aggregated top-of-book; no individual queue position
AFC,data_contracts/fixtures/public_iex/20180127_IEXTP1_TOPS1.6.pcap.gz,3,0,0,,,,,1517058016623877630,1517072400000356870,IEX TOPS is aggregated top-of-book; no individual queue position
AFG,data_contracts/fixtures/public_iex/20180127_IEXTP1_TOPS1.6.pcap.gz,3,0,0,,,,,1517058016623877785,1517072400000356870,IEX TOPS is aggregated top-of-book; no individual queue position
AFGE,data_contracts/fixtures/public_iex/20180127_IEXTP1_TOPS1.6.pcap.gz,3,0,0,,,,,1517058016623877973,1517072400000356870,IEX TOPS is aggregated top-of-book; no individual queue position
AFGH,data_contracts/fixtures/public_iex/20180127_IEXTP1_TOPS1.6.pcap.gz,3,0,0,,,,,1517058016623878985,1517072400000356870,IEX TOPS is aggregated top-of-book; no individual queue position
AFH,data_contracts/fixtures/public_iex/20180127_IEXTP1_TOPS1.6.pcap.gz,3,0,0,,,,,1517058016623880361,1517072400000356870,IEX TOPS is aggregated top-of-book; no individual queue position
AFHBL,data_contracts/fixtures/public_iex/20180127_IEXTP1_TOPS1.6.pcap.gz,3,0,0,,,,,1517058016623880555,1517072400000356870,IEX TOPS is aggregated top-of-book; no individual queue position
AFI,data_contracts/fixtures/public_iex/20180127_IEXTP1_TOPS1.6.pcap.gz,3,0,0,,,,,1517058016623882783,1517072400000356870,IEX TOPS is aggregated top-of-book; no individual queue position
AFK,data_contracts/fixtures/public_iex/20180127_IEXTP1_TOPS1.6.pcap.gz,3,0,0,,,,,1517058016623882949,1517072400000356870,IEX TOPS is aggregated top-of-book; no individual queue position
AFL,data_contracts/fixtures/public_iex/20180127_IEXTP1_TOPS1.6.pcap.gz,3,0,0,,,,,1517058016623887461,1517072400000356870,IEX TOPS is aggregated top-of-book; no individual queue position
AFMD,data_contracts/fixtures/public_iex/20180127_IEXTP1_TOPS1.6.pcap.gz,3,0,0,,,,,1517058016623887683,1517072400000356870,IEX TOPS is aggregated top-of-book; no individual queue position
AFSI,data_contracts/fixtures/public_iex/20180127_IEXTP1_TOPS1.6.pcap.gz,3,0,0,,,,,1517058016623887824,1517072400000356870,IEX TOPS is aggregated top-of-book; no individual queue position
AFSI-A,data_contracts/fixtures/public_iex/20180127_IEXTP1_TOPS1.6.pcap.gz,3,0,0,,,,,1517058016623889513,1517072400000356870,IEX TOPS is aggregated top-of-book; no individual queue position
AFSI-B,data_contracts/fixtures/public_iex/20180127_IEXTP1_TOPS1.6.pcap.gz,3,0,0,,,,,1517058016623902912,1517072400000356870,IEX TOPS is aggregated top-of-book; no individual queue position
AFSI-C,data_contracts/fixtures/public_iex/20180127_IEXTP1_TOPS1.6.pcap.gz,3,0,0,,,,,1517058016623905208,1517072400000356870,IEX TOPS is aggregated top-of-book; no individual queue position
AFSI-D,data_contracts/fixtures/public_iex/20180127_IEXTP1_TOPS1.6.pcap.gz,3,0,0,,,,,1517058016623905380,1517072400000356870,IEX TOPS is aggregated top-of-book; no individual queue position
AFSI-E,data_contracts/fixtures/public_iex/20180127_IEXTP1_TOPS1.6.pcap.gz,3,0,0,,,,,1517058016623906664,1517072400000356870,IEX TOPS is aggregated top-of-book; no individual queue position
AFSI-F,data_contracts/fixtures/public_iex/20180127_IEXTP1_TOPS1.6.pcap.gz,3,0,0,,,,,1517058016623906831,1517072400000356870,IEX TOPS is aggregated top-of-book; no individual queue position
AFSS,data_contracts/fixtures/public_iex/20180127_IEXTP1_TOPS1.6.pcap.gz,3,0,0,,,,,1517058016623909592,1517072400000356870,IEX TOPS is aggregated top-of-book; no individual queue position
AFST,data_contracts/fixtures/public_iex/20180127_IEXTP1_TOPS1.6.pcap.gz,3,0,0,,,,,1517058016623909781,1517072400000356870,IEX TOPS is aggregated top-of-book; no individual queue position
AFT,data_contracts/fixtures/public_iex/20180127_IEXTP1_TOPS1.6.pcap.gz,3,0,0,,,,,1517058016623910785,1517072400000356870,IEX TOPS is aggregated top-of-book; no individual queue position
AFTY,data_contracts/fixtures/public_iex/20180127_IEXTP1_TOPS1.6.pcap.gz,3,0,0,,,,,1517058016623912169,1517072400000356870,IEX TOPS is aggregated top-of-book; no individual queue position
AG,data_contracts/fixtures/public_iex/20180127_IEXTP1_TOPS1.6.pcap.gz,3,0,0,,,,,1517058016623912392,1517072400000356870,IEX TOPS is aggregated top-of-book; no individual queue position
AGA,data_contracts/fixtures/public_iex/20180127_IEXTP1_TOPS1.6.pcap.gz,3,0,0,,,,,1517058016623914124,1517072400000356870,IEX TOPS is aggregated top-of-book; no individual queue position
AGC,data_contracts/fixtures/public_iex/20180127_IEXTP1_TOPS1.6.pcap.gz,3,0,0,,,,,1517058016623914296,1517072400000356870,IEX TOPS is aggregated top-of-book; no individual queue position
AGCO,data_contracts/fixtures/public_iex/20180127_IEXTP1_TOPS1.6.pcap.gz,3,0,0,,,,,1517058016623917171,1517072400000356870,IEX TOPS is aggregated top-of-book; no individual queue position
AGD,data_contracts/fixtures/public_iex/20180127_IEXTP1_TOPS1.6.pcap.gz,3,0,0,,,,,1517058016623917330,1517072400000356870,IEX TOPS is aggregated top-of-book; no individual queue position
AGEN,data_contracts/fixtures/public_iex/20180127_IEXTP1_TOPS1.6.pcap.gz,3,0,0,,,,,1517058016623917483,1517072400000356870,IEX TOPS is aggregated top-of-book; no individual queue position
AGF,data_contracts/fixtures/public_iex/20180127_IEXTP1_TOPS1.6.pcap.gz,3,0,0,,,,,1517058016623921202,1517072400000356870,IEX TOPS is aggregated top-of-book; no individual queue position
AGFS,data_contracts/fixtures/public_iex/20180127_IEXTP1_TOPS1.6.pcap.gz,3,0,0,,,,,1517058016623921370,1517072400000356870,IEX TOPS is aggregated top-of-book; no individual queue position
AGFSW,data_contracts/fixtures/public_iex/20180127_IEXTP1_TOPS1.6.pcap.gz,3,0,0,,,,,1517058016623921536,1517072400000356870,IEX TOPS is aggregated top-of-book; no individual queue position
AGG,data_contracts/fixtures/public_iex/20180127_IEXTP1_TOPS1.6.pcap.gz,3,0,0,,,,,1517058016623924645,1517072400000356870,IEX TOPS is aggregated top-of-book; no individual queue position
AGGE,data_contracts/fixtures/public_iex/20180127_IEXTP1_TOPS1.6.pcap.gz,3,0,0,,,,,1517058016623924809,1517072400000356870,IEX TOPS is aggregated top-of-book; no individual queue position
AGGP,data_contracts/fixtures/public_iex/20180127_IEXTP1_TOPS1.6.pcap.gz,3,0,0,,,,,1517058016623924971,1517072400000356870,IEX TOPS is aggregated top-of-book; no individual queue position
AGGY,data_contracts/fixtures/public_iex/20180127_IEXTP1_TOPS1.6.pcap.gz,3,0,0,,,,,1517058016623928688,1517072400000356870,IEX TOPS is aggregated top-of-book; no individual queue position
AGI,data_contracts/fixtures/public_iex/20180127_IEXTP1_TOPS1.6.pcap.gz,3,0,0,,,,,1517058016623928860,1517072400000356870,IEX TOPS is aggregated top-of-book; no individual queue position
AGII,data_contracts/fixtures/public_iex/20180127_IEXTP1_TOPS1.6.pcap.gz,3,0,0,,,,,1517058016623929023,1517072400000356870,IEX TOPS is aggregated top-of-book; no individual queue position
AGIIL,data_contracts/fixtures/public_iex/20180127_IEXTP1_TOPS1.6.pcap.gz,3,0,0,,,,,1517058016623939616,1517072400000356870,IEX TOPS is aggregated top-of-book; no individual queue position
AGIO,data_contracts/fixtures/public_iex/20180127_IEXTP1_TOPS1.6.pcap.gz,31,0,0,,,,,1517058016623940627,1517072400000356870,IEX TOPS is aggregated top-of-book; no individual queue position
AGLE,data_contracts/fixtures/public_iex/20180127_IEXTP1_TOPS1.6.pcap.gz,35,0,0,,,,,1517058016623944695,1517072400000356870,IEX TOPS is aggregated top-of-book; no individual queue position
AGM,data_contracts/fixtures/public_iex/20180127_IEXTP1_TOPS1.6.pcap.gz,3,0,0,,,,,1517058016623944921,1517072400000356870,IEX TOPS is aggregated top-of-book; no individual queue position
AGM-A,data_contracts/fixtures/public_iex/20180127_IEXTP1_TOPS1.6.pcap.gz,3,0,0,,,,,1517058016623945045,1517072400000356870,IEX TOPS is aggregated top-of-book; no individual queue position
AGM-B,data_contracts/fixtures/public_iex/20180127_IEXTP1_TOPS1.6.pcap.gz,3,0,0,,,,,1517058016623946244,1517072400000356870,IEX TOPS is aggregated top-of-book; no individual queue position
AGM-C,data_contracts/fixtures/public_iex/20180127_IEXTP1_TOPS1.6.pcap.gz,3,0,0,,,,,1517058016623946466,1517072400000356870,IEX TOPS is aggregated top-of-book; no individual queue position
AGM.A,data_contracts/fixtures/public_iex/20180127_IEXTP1_TOPS1.6.pcap.gz,3,0,0,,,,,1517058016623946627,1517072400000356870,IEX TOPS is aggregated top-of-book; no individual queue position
AGN,data_contracts/fixtures/public_iex/20180127_IEXTP1_TOPS1.6.pcap.gz,3,0,0,,,,,1517058016623947716,1517072400000356870,IEX TOPS is aggregated top-of-book; no individual queue position
AGN-A,data_contracts/fixtures/public_iex/20180127_IEXTP1_TOPS1.6.pcap.gz,3,0,0,,,,,1517058016623947883,1517072400000356870,IEX TOPS is aggregated top-of-book; no individual queue position
AGNC,data_contracts/fixtures/public_iex/20180127_IEXTP1_TOPS1.6.pcap.gz,3,0,0,,,,,1517058016623949789,1517072400000356870,IEX TOPS is aggregated top-of-book; no individual queue position
AGNCB,data_contracts/fixtures/public_iex/20180127_IEXTP1_TOPS1.6.pcap.gz,3,0,0,,,,,1517058016623949957,1517072400000356870,IEX TOPS is aggregated top-of-book; no individual queue position
AGNCN,data_contracts/fixtures/public_iex/20180127_IEXTP1_TOPS1.6.pcap.gz,3,0,0,,,,,1517058016623952015,1517072400000356870,IEX TOPS is aggregated top-of-book; no individual queue position
AGND,data_contracts/fixtures/public_iex/20180127_IEXTP1_TOPS1.6.pcap.gz,3,0,0,,,,,1517058016623952179,1517072400000356870,IEX TOPS is aggregated top-of-book; no individual queue position
AGO,data_contracts/fixtures/public_iex/20180127_IEXTP1_TOPS1.6.pcap.gz,3,0,0,,,,,1517058016623952343,1517072400000356870,IEX TOPS is aggregated top-of-book; no individual queue position
AGO-B,data_contracts/fixtures/public_iex/20180127_IEXTP1_TOPS1.6.pcap.gz,3,0,0,,,,,1517058016623956003,1517072400000356870,IEX TOPS is aggregated top-of-book; no individual queue position
AGO-E,data_contracts/fixtures/public_iex/20180127_IEXTP1_TOPS1.6.pcap.gz,3,0,0,,,,,1517058016623956168,1517072400000356870,IEX TOPS is aggregated top-of-book; no individual queue position
AGO-F,data_contracts/fixtures/public_iex/20180127_IEXTP1_TOPS1.6.pcap.gz,3,0,0,,,,,1517058016623956330,1517072400000356870,IEX TOPS is aggregated top-of-book; no individual queue position
AGQ,data_contracts/fixtures/public_iex/20180127_IEXTP1_TOPS1.6.pcap.gz,3,0,0,,,,,1517058016623957814,1517072400000356870,IEX TOPS is aggregated top-of-book; no individual queue position
AGR,data_contracts/fixtures/public_iex/20180127_IEXTP1_TOPS1.6.pcap.gz,3,0,0,,,,,1517058016623958023,1517072400000356870,IEX TOPS is aggregated top-of-book; no individual queue position
AGRO,data_contracts/fixtures/public_iex/20180127_IEXTP1_TOPS1.6.pcap.gz,3,0,0,,,,,1517058016623958184,1517072400000356870,IEX TOPS is aggregated top-of-book; no individual queue position
AGRX,data_contracts/fixtures/public_iex/20180127_IEXTP1_TOPS1.6.pcap.gz,3,0,0,,,,,1517058016623971421,1517072400000356870,IEX TOPS is aggregated top-of-book; no individual queue position
AGS,data_contracts/fixtures/public_iex/20180127_IEXTP1_TOPS1.6.pcap.gz,3,0,0,,,,,1517058016623972477,1517072400000356870,IEX TOPS is aggregated top-of-book; no individual queue position
AGT,data_contracts/fixtures/public_iex/20180127_IEXTP1_TOPS1.6.pcap.gz,3,0,0,,,,,1517058016623974788,1517072400000356870,IEX TOPS is aggregated top-of-book; no individual queue position
AGTC,data_contracts/fixtures/public_iex/20180127_IEXTP1_TOPS1.6.pcap.gz,3,0,0,,,,,1517058016623974986,1517072400000356870,IEX TOPS is aggregated top-of-book; no individual queue position
AGX,data_contracts/fixtures/public_iex/20180127_IEXTP1_TOPS1.6.pcap.gz,3,0,0,,,,,1517058016623977565,1517072400000356870,IEX TOPS is aggregated top-of-book; no individual queue position
AGYS,data_contracts/fixtures/public_iex/20180127_IEXTP1_TOPS1.6.pcap.gz,3,0,0,,,,,1517058016623977840,1517072400000356870,IEX TOPS is aggregated top-of-book; no individual queue position
AGZ,data_contracts/fixtures/public_iex/20180127_IEXTP1_TOPS1.6.pcap.gz,3,0,0,,,,,1517058016623978808,1517072400000356870,IEX TOPS is aggregated top-of-book; no individual queue position
AGZD,data_contracts/fixtures/public_iex/20180127_IEXTP1_TOPS1.6.pcap.gz,19,0,0,,,,,1517058016623978975,1517072400000356870,IEX TOPS is aggregated top-of-book; no individual queue position
AHC,data_contracts/fixtures/public_iex/20180127_IEXTP1_TOPS1.6.pcap.gz,3,0,0,,,,,1517058016623980392,1517072400000356870,IEX TOPS is aggregated top-of-book; no individual queue position
AHGP,data_contracts/fixtures/public_iex/20180127_IEXTP1_TOPS1.6.pcap.gz,3,0,0,,,,,1517058016623980583,1517072400000356870,IEX TOPS is aggregated top-of-book; no individual queue position
AHH,data_contracts/fixtures/public_iex/20180127_IEXTP1_TOPS1.6.pcap.gz,3,0,0,,,,,1517058016623982337,1517072400000356870,IEX TOPS is aggregated top-of-book; no individual queue position
AHL,data_contracts/fixtures/public_iex/20180127_IEXTP1_TOPS1.6.pcap.gz,3,0,0,,,,,1517058016623982502,1517072400000356870,IEX TOPS is aggregated top-of-book; no individual queue position
AHL-C,data_contracts/fixtures/public_iex/20180127_IEXTP1_TOPS1.6.pcap.gz,3,0,0,,,,,1517058016623985295,1517072400000356870,IEX TOPS is aggregated top-of-book; no individual queue position
AHL-D,data_contracts/fixtures/public_iex/20180127_IEXTP1_TOPS1.6.pcap.gz,3,0,0,,,,,1517058016623985447,1517072400000356870,IEX TOPS is aggregated top-of-book; no individual queue position
AHP,data_contracts/fixtures/public_iex/20180127_IEXTP1_TOPS1.6.pcap.gz,3,0,0,,,,,1517058016623985641,1517072400000356870,IEX TOPS is aggregated top-of-book; no individual queue position
AHP-B,data_contracts/fixtures/public_iex/20180127_IEXTP1_TOPS1.6.pcap.gz,3,0,0,,,,,1517058016623989407,1517072400000356870,IEX TOPS is aggregated top-of-book; no individual queue position
AHPA,data_contracts/fixtures/public_iex/20180127_IEXTP1_TOPS1.6.pcap.gz,3,0,0,,,,,1517058016623989605,1517072400000356870,IEX TOPS is aggregated top-of-book; no individual queue position
AHPAU,data_contracts/fixtures/public_iex/20180127_IEXTP1_TOPS1.6.pcap.gz,7,0,0,,,,,1517058016623989754,1517072400000356870,IEX TOPS is aggregated top-of-book; no individual queue position
AHPAW,data_contracts/fixtures/public_iex/20180127_IEXTP1_TOPS1.6.pcap.gz,3,0,0,,,,,1517058016623993336,1517072400000356870,IEX TOPS is aggregated top-of-book; no individual queue position
AHPI,data_contracts/fixtures/public_iex/20180127_IEXTP1_TOPS1.6.pcap.gz,3,0,0,,,,,1517058016623993525,1517072400000356870,IEX TOPS is aggregated top-of-book; no individual queue position
AHT,data_contracts/fixtures/public_iex/20180127_IEXTP1_TOPS1.6.pcap.gz,3,0,0,,,,,1517058016623993722,1517072400000356870,IEX TOPS is aggregated top-of-book; no individual queue position
AHT-D,data_contracts/fixtures/public_iex/20180127_IEXTP1_TOPS1.6.pcap.gz,3,0,0,,,,,1517058016624007403,1517072400000356870,IEX TOPS is aggregated top-of-book; no individual queue position
AHT-F,data_contracts/fixtures/public_iex/20180127_IEXTP1_TOPS1.6.pcap.gz,3,0,0,,,,,1517058016624007595,1517072400000356870,IEX TOPS is aggregated top-of-book; no individual queue position
AHT-G,data_contracts/fixtures/public_iex/20180127_IEXTP1_TOPS1.6.pcap.gz,3,0,0,,,,,1517058016624008788,1517072400000356870,IEX TOPS is aggregated top-of-book; no individual queue position
AHT-H,data_contracts/fixtures/public_iex/20180127_IEXTP1_TOPS1.6.pcap.gz,3,0,0,,,,,1517058016624008990,1517072400000356870,IEX TOPS is aggregated top-of-book; no individual queue position
AHT-I,data_contracts/fixtures/public_iex/20180127_IEXTP1_TOPS1.6.pcap.gz,3,0,0,,,,,1517058016624009126,1517072400000356870,IEX TOPS is aggregated top-of-book; no individual queue position
AI,data_contracts/fixtures/public_iex/20180127_IEXTP1_TOPS1.6.pcap.gz,3,0,0,,,,,1517058016624010770,1517072400000356870,IEX TOPS is aggregated top-of-book; no individual queue position
AI-B,data_contracts/fixtures/public_iex/20180127_IEXTP1_TOPS1.6.pcap.gz,3,0,0,,,,,1517058016624010919,1517072400000356870,IEX TOPS is aggregated top-of-book; no individual queue position
AIA,data_contracts/fixtures/public_iex/20180127_IEXTP1_TOPS1.6.pcap.gz,3,0,0,,,,,1517058016624011098,1517072400000356870,IEX TOPS is aggregated top-of-book; no individual queue position
AIC,data_contracts/fixtures/public_iex/20180127_IEXTP1_TOPS1.6.pcap.gz,3,0,0,,,,,1517058016624012414,1517072400000356870,IEX TOPS is aggregated top-of-book; no individual queue position
AIEQ,data_contracts/fixtures/public_iex/20180127_IEXTP1_TOPS1.6.pcap.gz,3,0,0,,,,,1517058016624012585,1517072400000356870,IEX TOPS is aggregated top-of-book; no individual queue position
AIF,data_contracts/fixtures/public_iex/20180127_IEXTP1_TOPS1.6.pcap.gz,3,0,0,,,,,1517058016624014185,1517072400000356870,IEX TOPS is aggregated top-of-book; no individual queue position
AIG,data_contracts/fixtures/public_iex/20180127_IEXTP1_TOPS1.6.pcap.gz,3,0,0,,,,,1517058016624014368,1517072400000356870,IEX TOPS is aggregated top-of-book; no individual queue position
AIG+,data_contracts/fixtures/public_iex/20180127_IEXTP1_TOPS1.6.pcap.gz,3,0,0,,,,,1517058016624016258,1517072400000356870,IEX TOPS is aggregated top-of-book; no individual queue position
AIMC,data_contracts/fixtures/public_iex/20180127_IEXTP1_TOPS1.6.pcap.gz,3,0,0,,,,,1517058016624016427,1517072400000356870,IEX TOPS is aggregated top-of-book; no individual queue position
AIMT,data_contracts/fixtures/public_iex/20180127_IEXTP1_TOPS1.6.pcap.gz,3,0,0,,,,,1517058016624018144,1517072400000356870,IEX TOPS is aggregated top-of-book; no individual queue position
AIN,data_contracts/fixtures/public_iex/20180127_IEXTP1_TOPS1.6.pcap.gz,3,0,0,,,,,1517058016624018347,1517072400000356870,IEX TOPS is aggregated top-of-book; no individual queue position
AINC,data_contracts/fixtures/public_iex/20180127_IEXTP1_TOPS1.6.pcap.gz,3,0,0,,,,,1517058016624019970,1517072400000356870,IEX TOPS is aggregated top-of-book; no individual queue position
AINV,data_contracts/fixtures/public_iex/20180127_IEXTP1_TOPS1.6.pcap.gz,3,0,0,,,,,1517058016624020135,1517072400000356870,IEX TOPS is aggregated top-of-book; no individual queue position
AIR,data_contracts/fixtures/public_iex/20180127_IEXTP1_TOPS1.6.pcap.gz,3,0,0,,,,,1517058016624020309,1517072400000356870,IEX TOPS is aggregated top-of-book; no individual queue position
AIRG,data_contracts/fixtures/public_iex/20180127_IEXTP1_TOPS1.6.pcap.gz,3,0,0,,,,,1517058016624023009,1517072400000356870,IEX TOPS is aggregated top-of-book; no individual queue position
AIRI,data_contracts/fixtures/public_iex/20180127_IEXTP1_TOPS1.6.pcap.gz,3,0,0,,,,,1517058016624023206,1517072400000356870,IEX TOPS is aggregated top-of-book; no individual queue position
AIRR,data_contracts/fixtures/public_iex/20180127_IEXTP1_TOPS1.6.pcap.gz,3,0,0,,,,,1517058016624039967,1517072400000356870,IEX TOPS is aggregated top-of-book; no individual queue position
AIRT,data_contracts/fixtures/public_iex/20180127_IEXTP1_TOPS1.6.pcap.gz,3,0,0,,,,,1517058016624040139,1517072400000356870,IEX TOPS is aggregated top-of-book; no individual queue position
AIT,data_contracts/fixtures/public_iex/20180127_IEXTP1_TOPS1.6.pcap.gz,3,0,0,,,,,1517058016624040302,1517072400000356870,IEX TOPS is aggregated top-of-book; no individual queue position
AIV,data_contracts/fixtures/public_iex/20180127_IEXTP1_TOPS1.6.pcap.gz,3,0,0,,,,,1517058016624040451,1517072400000356870,IEX TOPS is aggregated top-of-book; no individual queue position
AIV-A,data_contracts/fixtures/public_iex/20180127_IEXTP1_TOPS1.6.pcap.gz,3,0,0,,,,,1517058016624042776,1517072400000356870,IEX TOPS is aggregated top-of-book; no individual queue position
AIW,data_contracts/fixtures/public_iex/20180127_IEXTP1_TOPS1.6.pcap.gz,3,0,0,,,,,1517058016624042967,1517072400000356870,IEX TOPS is aggregated top-of-book; no individual queue position
AIY,data_contracts/fixtures/public_iex/20180127_IEXTP1_TOPS1.6.pcap.gz,3,0,0,,,,,1517058016624043122,1517072400000356870,IEX TOPS is aggregated top-of-book; no individual queue position
AIZ,data_contracts/fixtures/public_iex/20180127_IEXTP1_TOPS1.6.pcap.gz,3,0,0,,,,,1517058016624043341,1517072400000356870,IEX TOPS is aggregated top-of-book; no individual queue position
AJG,data_contracts/fixtures/public_iex/20180127_IEXTP1_TOPS1.6.pcap.gz,3,0,0,,,,,1517058016624044219,1517072400000356870,IEX TOPS is aggregated top-of-book; no individual queue position
AJRD,data_contracts/fixtures/public_iex/20180127_IEXTP1_TOPS1.6.pcap.gz,3,0,0,,,,,1517058016624048829,1517072400000356870,IEX TOPS is aggregated top-of-book; no individual queue position
AJX,data_contracts/fixtures/public_iex/20180127_IEXTP1_TOPS1.6.pcap.gz,3,0,0,,,,,1517058016624048984,1517072400000356870,IEX TOPS is aggregated top-of-book; no individual queue position
AJXA,data_contracts/fixtures/public_iex/20180127_IEXTP1_TOPS1.6.pcap.gz,3,0,0,,,,,1517058016624050029,1517072400000356870,IEX TOPS is aggregated top-of-book; no individual queue position
AKAM,data_contracts/fixtures/public_iex/20180127_IEXTP1_TOPS1.6.pcap.gz,3,0,0,,,,,1517058016624050171,1517072400000356870,IEX TOPS is aggregated top-of-book; no individual queue position
AKAO,data_contracts/fixtures/public_iex/20180127_IEXTP1_TOPS1.6.pcap.gz,3,0,0,,,,,1517058016624050356,1517072400000356870,IEX TOPS is aggregated top-of-book; no individual queue position
AKBA,data_contracts/fixtures/public_iex/20180127_IEXTP1_TOPS1.6.pcap.gz,3,0,0,,,,,1517058016624051287,1517072400000356870,IEX TOPS is aggregated top-of-book; no individual queue position
AKCA,data_contracts/fixtures/public_iex/20180127_IEXTP1_TOPS1.6.pcap.gz,3,0,0,,,,,1517058016624051481,1517072400000356870,IEX TOPS is aggregated top-of-book; no individual queue position
AKER,data_contracts/fixtures/public_iex/20180127_IEXTP1_TOPS1.6.pcap.gz,3,0,0,,,,,1517058016624051653,1517072400000356870,IEX TOPS is aggregated top-of-book; no individual queue position
AKG,data_contracts/fixtures/public_iex/20180127_IEXTP1_TOPS1.6.pcap.gz,3,0,0,,,,,1517058016624052703,1517072400000356870,IEX TOPS is aggregated top-of-book; no individual queue position
AKO.A,data_contracts/fixtures/public_iex/20180127_IEXTP1_TOPS1.6.pcap.gz,3,0,0,,,,,1517058016624052864,1517072400000356870,IEX TOPS is aggregated top-of-book; no individual queue position
AKO.B,data_contracts/fixtures/public_iex/20180127_IEXTP1_TOPS1.6.pcap.gz,3,0,0,,,,,1517058016624056682,1517072400000356870,IEX TOPS is aggregated top-of-book; no individual queue position
AKP,data_contracts/fixtures/public_iex/20180127_IEXTP1_TOPS1.6.pcap.gz,3,0,0,,,,,1517058016624056853,1517072400000356870,IEX TOPS is aggregated top-of-book; no individual queue position
AKR,data_contracts/fixtures/public_iex/20180127_IEXTP1_TOPS1.6.pcap.gz,3,0,0,,,,,1517058016624057020,1517072400000356870,IEX TOPS is aggregated top-of-book; no individual queue position
AKRX,data_contracts/fixtures/public_iex/20180127_IEXTP1_TOPS1.6.pcap.gz,3,0,0,,,,,1517058016624058560,1517072400000356870,IEX TOPS is aggregated top-of-book; no individual queue position
AKS,data_contracts/fixtures/public_iex/20180127_IEXTP1_TOPS1.6.pcap.gz,3,0,0,,,,,1517058016624069032,1517072400000356870,IEX TOPS is aggregated top-of-book; no individual queue position
AKTS,data_contracts/fixtures/public_iex/20180127_IEXTP1_TOPS1.6.pcap.gz,3,0,0,,,,,1517058016624072913,1517072400000356870,IEX TOPS is aggregated top-of-book; no individual queue position
AKTX,data_contracts/fixtures/public_iex/20180127_IEXTP1_TOPS1.6.pcap.gz,13,0,0,,,,,1517058016624073066,1517072400000356870,IEX TOPS is aggregated top-of-book; no individual queue position
AL,data_contracts/fixtures/public_iex/20180127_IEXTP1_TOPS1.6.pcap.gz,3,0,0,,,,,1517058016624073207,1517072400000356870,IEX TOPS is aggregated top-of-book; no individual queue position
ALB,data_contracts/fixtures/public_iex/20180127_IEXTP1_TOPS1.6.pcap.gz,3,0,0,,,,,1517058016624075225,1517072400000356870,IEX TOPS is aggregated top-of-book; no individual queue position
ALBO,data_contracts/fixtures/public_iex/20180127_IEXTP1_TOPS1.6.pcap.gz,3,0,0,,,,,1517058016624075394,1517072400000356870,IEX TOPS is aggregated top-of-book; no individual queue position
ALCO,data_contracts/fixtures/public_iex/20180127_IEXTP1_TOPS1.6.pcap.gz,3,0,0,,,,,1517058016624075530,1517072400000356870,IEX TOPS is aggregated top-of-book; no individual queue position
ALD,data_contracts/fixtures/public_iex/20180127_IEXTP1_TOPS1.6.pcap.gz,3,0,0,,,,,1517058016624075821,1517072400000356870,IEX TOPS is aggregated top-of-book; no individual queue position
ALDR,data_contracts/fixtures/public_iex/20180127_IEXTP1_TOPS1.6.pcap.gz,3,0,0,,,,,1517058016624076789,1517072400000356870,IEX TOPS is aggregated top-of-book; no individual queue position
ALDW,data_contracts/fixtures/public_iex/20180127_IEXTP1_TOPS1.6.pcap.gz,3,0,0,,,,,1517058016624078195,1517072400000356870,IEX TOPS is aggregated top-of-book; no individual queue position
ALDX,data_contracts/fixtures/public_iex/20180127_IEXTP1_TOPS1.6.pcap.gz,3,0,0,,,,,1517058016624078418,1517072400000356870,IEX TOPS is aggregated top-of-book; no individual queue position
ALE,data_contracts/fixtures/public_iex/20180127_IEXTP1_TOPS1.6.pcap.gz,3,0,0,,,,,1517058016624079725,1517072400000356870,IEX TOPS is aggregated top-of-book; no individual queue position
ALEX,data_contracts/fixtures/public_iex/20180127_IEXTP1_TOPS1.6.pcap.gz,3,0,0,,,,,1517058016624079930,1517072400000356870,IEX TOPS is aggregated top-of-book; no individual queue position
ALFA,data_contracts/fixtures/public_iex/20180127_IEXTP1_TOPS1.6.pcap.gz,3,0,0,,,,,1517058016624084374,1517072400000356870,IEX TOPS is aggregated top-of-book; no individual queue position
ALFI,data_contracts/fixtures/public_iex/20180127_IEXTP1_TOPS1.6.pcap.gz,3,0,0,,,,,1517058016624084547,1517072400000356870,IEX TOPS is aggregated top-of-book; no individual queue position
ALG,data_contracts/fixtures/public_iex/20180127_IEXTP1_TOPS1.6.pcap.gz,3,0,0,,,,,1517058016624084709,1517072400000356870,IEX TOPS is aggregated top-of-book; no individual queue position
ALGN,data_contracts/fixtures/public_iex/20180127_IEXTP1_TOPS1.6.pcap.gz,3,0,0,,,,,1517058016624084907,1517072400000356870,IEX TOPS is aggregated top-of-book; no individual queue position
ALGT,data_contracts/fixtures/public_iex/20180127_IEXTP1_TOPS1.6.pcap.gz,3,0,0,,,,,1517058016624100134,1517072400000356870,IEX TOPS is aggregated top-of-book; no individual queue position
ALIM,data_contracts/fixtures/public_iex/20180127_IEXTP1_TOPS1.6.pcap.gz,3,0,0,,,,,1517058016624100374,1517072400000356870,IEX TOPS is aggregated top-of-book; no individual queue position
ALJJ,data_contracts/fixtures/public_iex/20180127_IEXTP1_TOPS1.6.pcap.gz,3,0,0,,,,,1517058016624100518,1517072400000356870,IEX TOPS is aggregated top-of-book; no individual queue position
ALK,data_contracts/fixtures/public_iex/20180127_IEXTP1_TOPS1.6.pcap.gz,3,0,0,,,,,1517058016624100666,1517072400000356870,IEX TOPS is aggregated top-of-book; no individual queue position
ALKS,data_contracts/fixtures/public_iex/20180127_IEXTP1_TOPS1.6.pcap.gz,3,0,0,,,,,1517058016624101714,1517072400000356870,IEX TOPS is aggregated top-of-book; no individual queue position
ALL,data_contracts/fixtures/public_iex/20180127_IEXTP1_TOPS1.6.pcap.gz,3,0,0,,,,,1517058016624101892,1517072400000356870,IEX TOPS is aggregated top-of-book; no individual queue position
ALL-A,data_contracts/fixtures/public_iex/20180127_IEXTP1_TOPS1.6.pcap.gz,3,0,0,,,,,1517058016624102080,1517072400000356870,IEX TOPS is aggregated top-of-book; no individual queue position
ALL-B,data_contracts/fixtures/public_iex/20180127_IEXTP1_TOPS1.6.pcap.gz,3,0,0,,,,,1517058016624104488,1517072400000356870,IEX TOPS is aggregated top-of-book; no individual queue position
ALL-C,data_contracts/fixtures/public_iex/20180127_IEXTP1_TOPS1.6.pcap.gz,3,0,0,,,,,1517058016624104664,1517072400000356870,IEX TOPS is aggregated top-of-book; no individual queue position
ALL-D,data_contracts/fixtures/public_iex/20180127_IEXTP1_TOPS1.6.pcap.gz,3,0,0,,,,,1517058016624106061,1517072400000356870,IEX TOPS is aggregated top-of-book; no individual queue position
ALL-E,data_contracts/fixtures/public_iex/20180127_IEXTP1_TOPS1.6.pcap.gz,3,0,0,,,,,1517058016624106230,1517072400000356870,IEX TOPS is aggregated top-of-book; no individual queue position
ALL-F,data_contracts/fixtures/public_iex/20180127_IEXTP1_TOPS1.6.pcap.gz,3,0,0,,,,,1517058016624106390,1517072400000356870,IEX TOPS is aggregated top-of-book; no individual queue position
ALLE,data_contracts/fixtures/public_iex/20180127_IEXTP1_TOPS1.6.pcap.gz,3,0,0,,,,,1517058016624106542,1517072400000356870,IEX TOPS is aggregated top-of-book; no individual queue position
ALLT,data_contracts/fixtures/public_iex/20180127_IEXTP1_TOPS1.6.pcap.gz,3,0,0,,,,,1517058016624109054,1517072400000356870,IEX TOPS is aggregated top-of-book; no individual queue position
ALLY,data_contracts/fixtures/public_iex/20180127_IEXTP1_TOPS1.6.pcap.gz,3,0,0,,,,,1517058016624109232,1517072400000356870,IEX TOPS is aggregated top-of-book; no individual queue position
ALLY-A,data_contracts/fixtures/public_iex/20180127_IEXTP1_TOPS1.6.pcap.gz,3,0,0,,,,,1517058016624111666,1517072400000356870,IEX TOPS is aggregated top-of-book; no individual queue position
ALN,data_contracts/fixtures/public_iex/20180127_IEXTP1_TOPS1.6.pcap.gz,3,0,0,,,,,1517058016624111878,1517072400000356870,IEX TOPS is aggregated top-of-book; no individual queue position
ALNA,data_contracts/fixtures/public_iex/20180127_IEXTP1_TOPS1.6.pcap.gz,3,0,0,,,,,1517058016624112038,1517072400000356870,IEX TOPS is aggregated top-of-book; no individual queue position
ALNY,data_contracts/fixtures/public_iex/20180127_IEXTP1_TOPS1.6.pcap.gz,3,0,0,,,,,1517058016624113022,1517072400000356870,IEX TOPS is aggregated top-of-book; no individual queue position
ALO,data_contracts/fixtures/public_iex/20180127_IEXTP1_TOPS1.6.pcap.gz,3,0,0,,,,,1517058016624113267,1517072400000356870,IEX TOPS is aggregated top-of-book; no individual queue position
ALOG,data_contracts/fixtures/public_iex/20180127_IEXTP1_TOPS1.6.pcap.gz,3,0,0,,,,,1517058016624126570,1517072400000356870,IEX TOPS is aggregated top-of-book; no individual queue position
ALOT,data_contracts/fixtures/public_iex/20180127_IEXTP1_TOPS1.6.pcap.gz,3,0,0,,,,,1517058016624129730,1517072400000356870,IEX TOPS is aggregated top-of-book; no individual queue position
ALP-Q,data_contracts/fixtures/public_iex/20180127_IEXTP1_TOPS1.6.pcap.gz,3,0,0,,,,,1517058016624129947,1517072400000356870,IEX TOPS is aggregated top-of-book; no individual queue position
ALPN,data_contracts/fixtures/public_iex/20180127_IEXTP1_TOPS1.6.pcap.gz,3,0,0,,,,,1517058016624130110,1517072400000356870,IEX TOPS is aggregated top-of-book; no individual queue position
ALQA,data_contracts/fixtures/public_iex/20180127_IEXTP1_TOPS1.6.pcap.gz,3,0,0,,,,,1517058016624134655,1517072400000356870,IEX TOPS is aggregated top-of-book; no individual queue position
ALRM,data_contracts/fixtures/public_iex/20180127_IEXTP1_TOPS1.6.pcap.gz,3,0,0,,,,,1517058016624134831,1517072400000356870,IEX TOPS is aggregated top-of-book; no individual queue position
ALRN,data_contracts/fixtures/public_iex/20180127_IEXTP1_TOPS1.6.pcap.gz,3,0,0,,,,,1517058016624135025,1517072400000356870,IEX TOPS is aggregated top-of-book; no individual queue position
ALSK,data_contracts/fixtures/public_iex/20180127_IEXTP1_TOPS1.6.pcap.gz,3,0,0,,,,,1517058016624135196,1517072400000356870,IEX TOPS is aggregated top-of-book; no individual queue position
ALSN,data_contracts/fixtures/public_iex/20180127_IEXTP1_TOPS1.6.pcap.gz,3,0,0,,,,,1517058016624136190,1517072400000356870,IEX TOPS is aggregated top-of-book; no individual queue position
ALT,data_contracts/fixtures/public_iex/20180127_IEXTP1_TOPS1.6.pcap.gz,3,0,0,,,,,1517058016624136331,1517072400000356870,IEX TOPS is aggregated top-of-book; no individual queue position
ALTR,data_contracts/fixtures/public_iex/20180127_IEXTP1_TOPS1.6.pcap.gz,3,0,0,,,,,1517058016624136517,1517072400000356870,IEX TOPS is aggregated top-of-book; no individual queue position
ALTS,data_contracts/fixtures/public_iex/20180127_IEXTP1_TOPS1.6.pcap.gz,3,0,0,,,,,1517058016624137339,1517072400000356870,IEX TOPS is aggregated top-of-book; no individual queue position
ALTY,data_contracts/fixtures/public_iex/20180127_IEXTP1_TOPS1.6.pcap.gz,3,0,0,,,,,1517058016624138921,1517072400000356870,IEX TOPS is aggregated top-of-book; no individual queue position
ALV,data_contracts/fixtures/public_iex/20180127_IEXTP1_TOPS1.6.pcap.gz,3,0,0,,,,,1517058016624139090,1517072400000356870,IEX TOPS is aggregated top-of-book; no individual queue position
ALX,data_contracts/fixtures/public_iex/20180127_IEXTP1_TOPS1.6.pcap.gz,3,0,0,,,,,1517058016624139251,1517072400000356870,IEX TOPS is aggregated top-of-book; no individual queue position
ALXN,data_contracts/fixtures/public_iex/20180127_IEXTP1_TOPS1.6.pcap.gz,3,0,0,,,,,1517058016624145580,1517072400000356870,IEX TOPS is aggregated top-of-book; no individual queue position
AM,data_contracts/fixtures/public_iex/20180127_IEXTP1_TOPS1.6.pcap.gz,3,0,0,,,,,1517058016624145754,1517072400000356870,IEX TOPS is aggregated top-of-book; no individual queue position
AMAG,data_contracts/fixtures/public_iex/20180127_IEXTP1_TOPS1.6.pcap.gz,3,0,0,,,,,1517058016624145921,1517072400000356870,IEX TOPS is aggregated top-of-book; no individual queue position
AMAT,data_contracts/fixtures/public_iex/20180127_IEXTP1_TOPS1.6.pcap.gz,3,0,0,,,,,1517058016624146076,1517072400000356870,IEX TOPS is aggregated top-of-book; no individual queue position
AMBA,data_contracts/fixtures/public_iex/20180127_IEXTP1_TOPS1.6.pcap.gz,3,0,0,,,,,1517058016624155577,1517072400000356870,IEX TOPS is aggregated top-of-book; no individual queue position
AMBC,data_contracts/fixtures/public_iex/20180127_IEXTP1_TOPS1.6.pcap.gz,3,0,0,,,,,1517058016624156817,1517072400000356870,IEX TOPS is aggregated top-of-book; no individual queue position
AMBCW,data_contracts/fixtures/public_iex/20180127_IEXTP1_TOPS1.6.pcap.gz,3,0,0,,,,,1517058016624156984,1517072400000356870,IEX TOPS is aggregated top-of-book; no individual queue position
AMBR,data_contracts/fixtures/public_iex/20180127_IEXTP1_TOPS1.6.pcap.gz,3,0,0,,,,,1517058016624161709,1517072400000356870,IEX TOPS is aggregated top-of-book; no individual queue position
AMC,data_contracts/fixtures/public_iex/20180127_IEXTP1_TOPS1.6.pcap.gz,3,0,0,,,,,1517058016624161912,1517072400000356870,IEX TOPS is aggregated top-of-book; no individual queue position
AMCA,data_contracts/fixtures/public_iex/20180127_IEXTP1_TOPS1.6.pcap.gz,3,0,0,,,,,1517058016624162072,1517072400000356870,IEX TOPS is aggregated top-of-book; no individual queue position
AMCN,data_contracts/fixtures/public_iex/20180127_IEXTP1_TOPS1.6.pcap.gz,3,0,0,,,,,1517058016624163292,1517072400000356870,IEX TOPS is aggregated top-of-book; no individual queue position
AMCX,data_contracts/fixtures/public_iex/20180127_IEXTP1_TOPS1.6.pcap.gz,3,0,0,,,,,1517058016624163419,1517072400000356870,IEX TOPS is aggregated top-of-book; no individual queue position
AMD,data_contracts/fixtures/public_iex/20180127_IEXTP1_TOPS1.6.pcap.gz,3,0,0,,,,,1517058016624163643,1517072400000356870,IEX TOPS is aggregated top-of-book; no individual queue position
AMDA,data_contracts/fixtures/public_iex/20180127_IEXTP1_TOPS1.6.pcap.gz,3,0,0,,,,,1517058016624165103,1517072400000356870,IEX TOPS is aggregated top-of-book; no individual queue position
AME,data_contracts/fixtures/public_iex/20180127_IEXTP1_TOPS1.6.pcap.gz,3,0,0,,,,,1517058016624165327,1517072400000356870,IEX TOPS is aggregated top-of-book; no individual queue position
AMED,data_contracts/fixtures/public_iex/20180127_IEXTP1_TOPS1.6.pcap.gz,25,0,0,,,,,1517058016624165486,1517072400000356870,IEX TOPS is aggregated top-of-book; no individual queue position
AMEH,data_contracts/fixtures/public_iex/20180127_IEXTP1_TOPS1.6.pcap.gz,3,0,0,,,,,1517058016624166779,1517072400000356870,IEX TOPS is aggregated top-of-book; no individual queue position
AMG,data_contracts/fixtures/public_iex/20180127_IEXTP1_TOPS1.6.pcap.gz,3,0,0,,,,,1517058016624166942,1517072400000356870,IEX TOPS is aggregated top-of-book; no individual queue position
AMGN,data_contracts/fixtures/public_iex/20180127_IEXTP1_TOPS1.6.pcap.gz,3,0,0,,,,,1517058016624170907,1517072400000356870,IEX TOPS is aggregated top-of-book; no individual queue position
AMGP,data_contracts/fixtures/public_iex/20180127_IEXTP1_TOPS1.6.pcap.gz,3,0,0,,,,,1517058016624171082,1517072400000356870,IEX TOPS is aggregated top-of-book; no individual queue position
AMH,data_contracts/fixtures/public_iex/20180127_IEXTP1_TOPS1.6.pcap.gz,3,0,0,,,,,1517058016624171242,1517072400000356870,IEX TOPS is aggregated top-of-book; no individual queue position
AMH-C,data_contracts/fixtures/public_iex/20180127_IEXTP1_TOPS1.6.pcap.gz,3,0,0,,,,,1517058016624171435,1517072400000356870,IEX TOPS is aggregated top-of-book; no individual queue position
AMH-D,data_contracts/fixtures/public_iex/20180127_IEXTP1_TOPS1.6.pcap.gz,3,0,0,,,,,1517058016624183267,1517072400000356870,IEX TOPS is aggregated top-of-book; no individual queue position
AMH-E,data_contracts/fixtures/public_iex/20180127_IEXTP1_TOPS1.6.pcap.gz,3,0,0,,,,,1517058016624187732,1517072400000356870,IEX TOPS is aggregated top-of-book; no individual queue position
AMH-F,data_contracts/fixtures/public_iex/20180127_IEXTP1_TOPS1.6.pcap.gz,3,0,0,,,,,1517058016624187914,1517072400000356870,IEX TOPS is aggregated top-of-book; no individual queue position
AMH-G,data_contracts/fixtures/public_iex/20180127_IEXTP1_TOPS1.6.pcap.gz,3,0,0,,,,,1517058016624188042,1517072400000356870,IEX TOPS is aggregated top-of-book; no individual queue position
AMID,data_contracts/fixtures/public_iex/20180127_IEXTP1_TOPS1.6.pcap.gz,3,0,0,,,,,1517058016624190164,1517072400000356870,IEX TOPS is aggregated top-of-book; no individual queue position
AMJ,data_contracts/fixtures/public_iex/20180127_IEXTP1_TOPS1.6.pcap.gz,3,0,0,,,,,1517058016624190347,1517072400000356870,IEX TOPS is aggregated top-of-book; no individual queue position
AMJL,data_contracts/fixtures/public_iex/20180127_IEXTP1_TOPS1.6.pcap.gz,3,0,0,,,,,1517058016624190533,1517072400000356870,IEX TOPS is aggregated top-of-book; no individual queue position
AMKR,data_contracts/fixtures/public_iex/20180127_IEXTP1_TOPS1.6.pcap.gz,3,0,0,,,,,1517058016624192235,1517072400000356870,IEX TOPS is aggregated top-of-book; no individual queue position
AMLP,data_contracts/fixtures/public_iex/20180127_IEXTP1_TOPS1.6.pcap.gz,3,0,0,,,,,1517058016624192423,1517072400000356870,IEX TOPS is aggregated top-of-book; no individual queue position
AMLX,data_contracts/fixtures/public_iex/20180127_IEXTP1_TOPS1.6.pcap.gz,3,0,0,,,,,1517058016624192600,1517072400000356870,IEX TOPS is aggregated top-of-book; no individual queue position
AMMA,data_contracts/fixtures/public_iex/20180127_IEXTP1_TOPS1.6.pcap.gz,3,0,0,,,,,1517058016624192785,1517072400000356870,IEX TOPS is aggregated top-of-book; no individual queue position
AMN,data_contracts/fixtures/public_iex/20180127_IEXTP1_TOPS1.6.pcap.gz,3,0,0,,,,,1517058016624193784,1517072400000356870,IEX TOPS is aggregated top-of-book; no individual queue position
AMNB,data_contracts/fixtures/public_iex/20180127_IEXTP1_TOPS1.6.pcap.gz,3,0,0,,,,,1517058016624196962,1517072400000356870,IEX TOPS is aggregated top-of-book; no individual queue position
AMOT,data_contracts/fixtures/public_iex/20180127_IEXTP1_TOPS1.6.pcap.gz,3,0,0,,,,,1517058016624197153,1517072400000356870,IEX TOPS is aggregated top-of-book; no individual queue position
AMOV,data_contracts/fixtures/public_iex/20180127_IEXTP1_TOPS1.6.pcap.gz,3,0,0,,,,,1517058016624197313,1517072400000356870,IEX TOPS is aggregated top-of-book; no individual queue position
AMP,data_contracts/fixtures/public_iex/20180127_IEXTP1_TOPS1.6.pcap.gz,3,0,0,,,,,1517058016624201795,1517072400000356870,IEX TOPS is aggregated top-of-book; no individual queue position
AMPE,data_contracts/fixtures/public_iex/20180127_IEXTP1_TOPS1.6.pcap.gz,3,0,0,,,,,1517058016624201948,1517072400000356870,IEX TOPS is aggregated top-of-book; no individual queue position
AMPH,data_contracts/fixtures/public_iex/20180127_IEXTP1_TOPS1.6.pcap.gz,3,0,0,,,,,1517058016624202087,1517072400000356870,IEX TOPS is aggregated top-of-book; no individual queue position
AMRB,data_contracts/fixtures/public_iex/20180127_IEXTP1_TOPS1.6.pcap.gz,3,0,0,,,,,1517058016624202224,1517072400000356870,IEX TOPS is aggregated top-of-book; no individual queue position
AMRC,data_contracts/fixtures/public_iex/20180127_IEXTP1_TOPS1.6.pcap.gz,3,0,0,,,,,1517058016624203248,1517072400000356870,IEX TOPS is aggregated top-of-book; no individual queue position
AMRH,data_contracts/fixtures/public_iex/20180127_IEXTP1_TOPS1.6.pcap.gz,3,0,0,,,,,1517058016624216346,1517072400000356870,IEX TOPS is aggregated top-of-book; no individual queue position
AMRHW,data_contracts/fixtures/public_iex/20180127_IEXTP1_TOPS1.6.pcap.gz,3,0,0,,,,,1517058016624218625,1517072400000356870,IEX TOPS is aggregated top-of-book; no individual queue position
AMRK,data_contracts/fixtures/public_iex/20180127_IEXTP1_TOPS1.6.pcap.gz,3,0,0,,,,,1517058016624218851,1517072400000356870,IEX TOPS is aggregated top-of-book; no individual queue position
AMRN,data_contracts/fixtures/public_iex/20180127_IEXTP1_TOPS1.6.pcap.gz,3,0,0,,,,,1517058016624219008,1517072400000356870,IEX TOPS is aggregated top-of-book; no individual queue position
AMRS,data_contracts/fixtures/public_iex/20180127_IEXTP1_TOPS1.6.pcap.gz,3,0,0,,,,,1517058016624222589,1517072400000356870,IEX TOPS is aggregated top-of-book; no individual queue position
AMS,data_contracts/fixtures/public_iex/20180127_IEXTP1_TOPS1.6.pcap.gz,3,0,0,,,,,1517058016624222754,1517072400000356870,IEX TOPS is aggregated top-of-book; no individual queue position
AMSC,data_contracts/fixtures/public_iex/20180127_IEXTP1_TOPS1.6.pcap.gz,3,0,0,,,,,1517058016624222913,1517072400000356870,IEX TOPS is aggregated top-of-book; no individual queue position
AMSF,data_contracts/fixtures/public_iex/20180127_IEXTP1_TOPS1.6.pcap.gz,3,0,0,,,,,1517058016624223105,1517072400000356870,IEX TOPS is aggregated top-of-book; no individual queue position
AMSWA,data_contracts/fixtures/public_iex/20180127_IEXTP1_TOPS1.6.pcap.gz,3,0,0,,,,,1517058016624225590,1517072400000356870,IEX TOPS is aggregated top-of-book; no individual queue position
AMT,data_contracts/fixtures/public_iex/20180127_IEXTP1_TOPS1.6.pcap.gz,3,0,0,,,,,1517058016624225759,1517072400000356870,IEX TOPS is aggregated top-of-book; no individual queue position
AMT-B,data_contracts/fixtures/public_iex/20180127_IEXTP1_TOPS1.6.pcap.gz,3,0,0,,,,,1517058016624228311,1517072400000356870,IEX TOPS is aggregated top-of-book; no individual queue position
AMTD,data_contracts/fixtures/public_iex/20180127_IEXTP1_TOPS1.6.pcap.gz,3,0,0,,,,,1517058016624228476,1517072400000356870,IEX TOPS is aggregated top-of-book; no individual queue position
AMTX,data_contracts/fixtures/public_iex/20180127_IEXTP1_TOPS1.6.pcap.gz,3,0,0,,,,,1517058016624231048,1517072400000356870,IEX TOPS is aggregated top-of-book; no individual queue position
AMU,data_contracts/fixtures/public_iex/20180127_IEXTP1_TOPS1.6.pcap.gz,3,0,0,,,,,1517058016624231286,1517072400000356870,IEX TOPS is aggregated top-of-book; no individual queue position
AMUB,data_contracts/fixtures/public_iex/20180127_IEXTP1_TOPS1.6.pcap.gz,3,0,0,,,,,1517058016624231430,1517072400000356870,IEX TOPS is aggregated top-of-book; no individual queue position
AMWD,data_contracts/fixtures/public_iex/20180127_IEXTP1_TOPS1.6.pcap.gz,3,0,0,,,,,1517058016624233971,1517072400000356870,IEX TOPS is aggregated top-of-book; no individual queue position
AMX,data_contracts/fixtures/public_iex/20180127_IEXTP1_TOPS1.6.pcap.gz,3,0,0,,,,,1517058016624234147,1517072400000356870,IEX TOPS is aggregated top-of-book; no individual queue position
AMZA,data_contracts/fixtures/public_iex/20180127_IEXTP1_TOPS1.6.pcap.gz,3,0,0,,,,,1517058016624234311,1517072400000356870,IEX TOPS is aggregated top-of-book; no individual queue position
AMZN,data_contracts/fixtures/public_iex/20180127_IEXTP1_TOPS1.6.pcap.gz,3,0,0,,,,,1517058016624238062,1517072400000356870,IEX TOPS is aggregated top-of-book; no individual queue position
AN,data_contracts/fixtures/public_iex/20180127_IEXTP1_TOPS1.6.pcap.gz,3,0,0,,,,,1517058016624238265,1517072400000356870,IEX TOPS is aggregated top-of-book; no individual queue position
ANAB,data_contracts/fixtures/public_iex/20180127_IEXTP1_TOPS1.6.pcap.gz,3,0,0,,,,,1517058016624238428,1517072400000356870,IEX TOPS is aggregated top-of-book; no individual queue position
ANAT,data_contracts/fixtures/public_iex/20180127_IEXTP1_TOPS1.6.pcap.gz,3,0,0,,,,,1517058016624248253,1517072400000356870,IEX TOPS is aggregated top-of-book; no individual queue position
ANCB,data_contracts/fixtures/public_iex/20180127_IEXTP1_TOPS1.6.pcap.gz,3,0,0,,,,,1517058016624250953,1517072400000356870,IEX TOPS is aggregated top-of-book; no individual queue position
ANCX,data_contracts/fixtures/public_iex/20180127_IEXTP1_TOPS1.6.pcap.gz,3,0,0,,,,,1517058016624253267,1517072400000356870,IEX TOPS is aggregated top-of-book; no individual queue position
ANDA,data_contracts/fixtures/public_iex/20180127_IEXTP1_TOPS1.6.pcap.gz,3,0,0,,,,,1517058016624253509,1517072400000356870,IEX TOPS is aggregated top-of-book; no individual queue position
ANDAR,data_contracts/fixtures/public_iex/20180127_IEXTP1_TOPS1.6.pcap.gz,3,0,0,,,,,1517058016624254544,1517072400000356870,IEX TOPS is aggregated top-of-book; no individual queue position
ANDAU,data_contracts/fixtures/public_iex/20180127_IEXTP1_TOPS1.6.pcap.gz,3,0,0,,,,,1517058016624256610,1517072400000356870,IEX TOPS is aggregated top-of-book; no individual queue position
ANDAW,data_contracts/fixtures/public_iex/20180127_IEXTP1_TOPS1.6.pcap.gz,3,0,0,,,,,1517058016624256780,1517072400000356870,IEX TOPS is aggregated top-of-book; no individual queue position
ANDE,data_contracts/fixtures/public_iex/20180127_IEXTP1_TOPS1.6.pcap.gz,3,0,0,,,,,1517058016624256973,1517072400000356870,IEX TOPS is aggregated top-of-book; no individual queue position
ANDV,data_contracts/fixtures/public_iex/20180127_IEXTP1_TOPS1.6.pcap.gz,3,0,0,,,,,1517058016624258782,1517072400000356870,IEX TOPS is aggregated top-of-book; no individual queue position
ANDX,data_contracts/fixtures/public_iex/20180127_IEXTP1_TOPS1.6.pcap.gz,3,0,0,,,,,1517058016624258954,1517072400000356870,IEX TOPS is aggregated top-of-book; no individual queue position
ANET,data_contracts/fixtures/public_iex/20180127_IEXTP1_TOPS1.6.pcap.gz,3,0,0,,,,,1517058016624260633,1517072400000356870,IEX TOPS is aggregated top-of-book; no individual queue position
ANF,data_contracts/fixtures/public_iex/20180127_IEXTP1_TOPS1.6.pcap.gz,4,0,0,,,,,1517058016624260801,1517072400000356870,IEX TOPS is aggregated top-of-book; no individual queue position
ANFI,data_contracts/fixtures/public_iex/20180127_IEXTP1_TOPS1.6.pcap.gz,3,0,0,,,,,1517058016624267530,1517072400000356870,IEX TOPS is aggregated top-of-book; no individual queue position
ANGI,data_contracts/fixtures/public_iex/20180127_IEXTP1_TOPS1.6.pcap.gz,3,0,0,,,,,1517058016624267686,1517072400000356870,IEX TOPS is aggregated top-of-book; no individual queue position
ANGL,data_contracts/fixtures/public_iex/20180127_IEXTP1_TOPS1.6.pcap.gz,3,0,0,,,,,1517058016624267842,1517072400000356870,IEX TOPS is aggregated top-of-book; no individual queue position
ANGO,data_contracts/fixtures/public_iex/20180127_IEXTP1_TOPS1.6.pcap.gz,3,0,0,,,,,1517058016624269246,1517072400000356870,IEX TOPS is aggregated top-of-book; no individual queue position
ANH,data_contracts/fixtures/public_iex/20180127_IEXTP1_TOPS1.6.pcap.gz,3,0,0,,,,,1517058016624269418,1517072400000356870,IEX TOPS is aggregated top-of-book; no individual queue position
ANH-A,data_contracts/fixtures/public_iex/20180127_IEXTP1_TOPS1.6.pcap.gz,3,0,0,,,,,1517058016624269561,1517072400000356870,IEX TOPS is aggregated top-of-book; no individual queue position
ANH-B,data_contracts/fixtures/public_iex/20180127_IEXTP1_TOPS1.6.pcap.gz,3,0,0,,,,,1517058016624272256,1517072400000356870,IEX TOPS is aggregated top-of-book; no individual queue position
ANH-C,data_contracts/fixtures/public_iex/20180127_IEXTP1_TOPS1.6.pcap.gz,3,0,0,,,,,1517058016624272405,1517072400000356870,IEX TOPS is aggregated top-of-book; no individual queue position
ANIK,data_contracts/fixtures/public_iex/20180127_IEXTP1_TOPS1.6.pcap.gz,3,0,0,,,,,1517058016624272533,1517072400000356870,IEX TOPS is aggregated top-of-book; no individual queue position
ANIP,data_contracts/fixtures/public_iex/20180127_IEXTP1_TOPS1.6.pcap.gz,3,0,0,,,,,1517058016624281408,1517072400000356870,IEX TOPS is aggregated top-of-book; no individual queue position
ANSS,data_contracts/fixtures/public_iex/20180127_IEXTP1_TOPS1.6.pcap.gz,3,0,0,,,,,1517058016624284870,1517072400000356870,IEX TOPS is aggregated top-of-book; no individual queue position
ANTH,data_contracts/fixtures/public_iex/20180127_IEXTP1_TOPS1.6.pcap.gz,3,0,0,,,,,1517058016624285114,1517072400000356870,IEX TOPS is aggregated top-of-book; no individual queue position
ANTM,data_contracts/fixtures/public_iex/20180127_IEXTP1_TOPS1.6.pcap.gz,3,0,0,,,,,1517058016624285268,1517072400000356870,IEX TOPS is aggregated top-of-book; no individual queue position
ANTX,data_contracts/fixtures/public_iex/20180127_IEXTP1_TOPS1.6.pcap.gz,3,0,0,,,,,1517058016624287949,1517072400000356870,IEX TOPS is aggregated top-of-book; no individual queue position
ANW,data_contracts/fixtures/public_iex/20180127_IEXTP1_TOPS1.6.pcap.gz,3,0,0,,,,,1517058016624288113,1517072400000356870,IEX TOPS is aggregated top-of-book; no individual queue position
ANY,data_contracts/fixtures/public_iex/20180127_IEXTP1_TOPS1.6.pcap.gz,3,0,0,,,,,1517058016624288275,1517072400000356870,IEX TOPS is aggregated top-of-book; no individual queue position
AOA,data_contracts/fixtures/public_iex/20180127_IEXTP1_TOPS1.6.pcap.gz,3,0,0,,,,,1517058016624290532,1517072400000356870,IEX TOPS is aggregated top-of-book; no individual queue position
AOBC,data_contracts/fixtures/public_iex/20180127_IEXTP1_TOPS1.6.pcap.gz,3,0,0,,,,,1517058016624290689,1517072400000356870,IEX TOPS is aggregated top-of-book; no individual queue position
AOD,data_contracts/fixtures/public_iex/20180127_IEXTP1_TOPS1.6.pcap.gz,3,0,0,,,,,1517058016624290855,1517072400000356870,IEX TOPS is aggregated top-of-book; no individual queue position
AOI,data_contracts/fixtures/public_iex/20180127_IEXTP1_TOPS1.6.pcap.gz,3,0,0,,,,,1517058016624291063,1517072400000356870,IEX TOPS is aggregated top-of-book; no individual queue position
AOK,data_contracts/fixtures/public_iex/20180127_IEXTP1_TOPS1.6.pcap.gz,37,0,0,,,,,1517058016624292073,1517072400000596616,IEX TOPS is aggregated top-of-book; no individual queue position
AOM,data_contracts/fixtures/public_iex/20180127_IEXTP1_TOPS1.6.pcap.gz,3,0,0,,,,,1517058016624295196,1517072400000356870,IEX TOPS is aggregated top-of-book; no individual queue position
AON,data_contracts/fixtures/public_iex/20180127_IEXTP1_TOPS1.6.pcap.gz,3,0,0,,,,,1517058016624295389,1517072400000356870,IEX TOPS is aggregated top-of-book; no individual queue position
AOR,data_contracts/fixtures/public_iex/20180127_IEXTP1_TOPS1.6.pcap.gz,25,0,0,,,,,1517058016624295517,1517072400000356870,IEX TOPS is aggregated top-of-book; no individual queue position
AOS,data_contracts/fixtures/public_iex/20180127_IEXTP1_TOPS1.6.pcap.gz,3,0,0,,,,,1517058016624296770,1517072400000356870,IEX TOPS is aggregated top-of-book; no individual queue position
AOSL,data_contracts/fixtures/public_iex/20180127_IEXTP1_TOPS1.6.pcap.gz,3,0,0,,,,,1517058016624296965,1517072400000356870,IEX TOPS is aggregated top-of-book; no individual queue position
AP,data_contracts/fixtures/public_iex/20180127_IEXTP1_TOPS1.6.pcap.gz,3,0,0,,,,,1517058016624297139,1517072400000356870,IEX TOPS is aggregated top-of-book; no individual queue position
APA,data_contracts/fixtures/public_iex/20180127_IEXTP1_TOPS1.6.pcap.gz,3,0,0,,,,,1517058016624298912,1517072400000356870,IEX TOPS is aggregated top-of-book; no individual queue position
APAM,data_contracts/fixtures/public_iex/20180127_IEXTP1_TOPS1.6.pcap.gz,3,0,0,,,,,1517058016624299134,1517072400000356870,IEX TOPS is aggregated top-of-book; no individual queue position
APB,data_contracts/fixtures/public_iex/20180127_IEXTP1_TOPS1.6.pcap.gz,3,0,0,,,,,1517058016624311928,1517072400000356870,IEX TOPS is aggregated top-of-book; no individual queue position
APC,data_contracts/fixtures/public_iex/20180127_IEXTP1_TOPS1.6.pcap.gz,3,0,0,,,,,1517058016624314562,1517072400000356870,IEX TOPS is aggregated top-of-book; no individual queue position
APD,data_contracts/fixtures/public_iex/20180127_IEXTP1_TOPS1.6.pcap.gz,3,0,0,,,,,1517058016624314725,1517072400000356870,IEX TOPS is aggregated top-of-book; no individual queue position
APDN,data_contracts/fixtures/public_iex/20180127_IEXTP1_TOPS1.6.pcap.gz,3,0,0,,,,,1517058016624321658,1517072400000356870,IEX TOPS is aggregated top-of-book; no individual queue position
APDNW,data_contracts/fixtures/public_iex/20180127_IEXTP1_TOPS1.6.pcap.gz,3,0,0,,,,,1517058016624321825,1517072400000356870,IEX TOPS is aggregated top-of-book; no individual queue position
APEI,data_contracts/fixtures/public_iex/20180127_IEXTP1_TOPS1.6.pcap.gz,3,0,0,,,,,1517058016624321961,1517072400000356870,IEX TOPS is aggregated top-of-book; no individual queue position
APEN,data_contracts/fixtures/public_iex/20180127_IEXTP1_TOPS1.6.pcap.gz,3,0,0,,,,,1517058016624322097,1517072400000356870,IEX TOPS is aggregated top-of-book; no individual queue position
APF,data_contracts/fixtures/public_iex/20180127_IEXTP1_TOPS1.6.pcap.gz,3,0,0,,,,,1517058016624323088,1517072400000356870,IEX TOPS is aggregated top-of-book; no individual queue position
APH,data_contracts/fixtures/public_iex/20180127_IEXTP1_TOPS1.6.pcap.gz,3,0,0,,,,,1517058016624323227,1517072400000356870,IEX TOPS is aggregated top-of-book; no individual queue position
APHB,data_contracts/fixtures/public_iex/20180127_IEXTP1_TOPS1.6.pcap.gz,3,0,0,,,,,1517058016624323360,1517072400000356870,IEX TOPS is aggregated top-of-book; no individual queue position
APLE,data_contracts/fixtures/public_iex/20180127_IEXTP1_TOPS1.6.pcap.gz,3,0,0,,,,,1517058016624324258,1517072400000356870,IEX TOPS is aggregated top-of-book; no individual queue position
APLP,data_contracts/fixtures/public_iex/20180127_IEXTP1_TOPS1.6.pcap.gz,3,0,0,,,,,1517058016624324450,1517072400000356870,IEX TOPS is aggregated top-of-book; no individual queue position
APLS,data_contracts/fixtures/public_iex/20180127_IEXTP1_TOPS1.6.pcap.gz,3,0,0,,,,,1517058016624324591,1517072400000356870,IEX TOPS is aggregated top-of-book; no individual queue position
APO,data_contracts/fixtures/public_iex/20180127_IEXTP1_TOPS1.6.pcap.gz,3,0,0,,,,,1517058016624326979,1517072400000356870,IEX TOPS is aggregated top-of-book; no individual queue position
APO-A,data_contracts/fixtures/public_iex/20180127_IEXTP1_TOPS1.6.pcap.gz,3,0,0,,,,,1517058016624327152,1517072400000356870,IEX TOPS is aggregated top-of-book; no individual queue position
APOG,data_contracts/fixtures/public_iex/20180127_IEXTP1_TOPS1.6.pcap.gz,3,0,0,,,,,1517058016624327320,1517072400000356870,IEX TOPS is aggregated top-of-book; no individual queue position
APOP,data_contracts/fixtures/public_iex/20180127_IEXTP1_TOPS1.6.pcap.gz,3,0,0,,,,,1517058016624329700,1517072400000356870,IEX TOPS is aggregated top-of-book; no individual queue position
APOPW,data_contracts/fixtures/public_iex/20180127_IEXTP1_TOPS1.6.pcap.gz,3,0,0,,,,,1517058016624330083,1517072400000356870,IEX TOPS is aggregated top-of-book; no individual queue position
APPF,data_contracts/fixtures/public_iex/20180127_IEXTP1_TOPS1.6.pcap.gz,3,0,0,,,,,1517058016624330239,1517072400000356870,IEX TOPS is aggregated top-of-book; no individual queue position
APPN,data_contracts/fixtures/public_iex/20180127_IEXTP1_TOPS1.6.pcap.gz,3,0,0,,,,,1517058016624330451,1517072400000356870,IEX TOPS is aggregated top-of-book; no individual queue position
APPS,data_contracts/fixtures/public_iex/20180127_IEXTP1_TOPS1.6.pcap.gz,3,0,0,,,,,1517058016624331460,1517072400000356870,IEX TOPS is aggregated top-of-book; no individual queue position
APRI,data_contracts/fixtures/public_iex/20180127_IEXTP1_TOPS1.6.pcap.gz,3,0,0,,,,,1517058016624417305,1517072400000356870,IEX TOPS is aggregated top-of-book; no individual queue position
APRN,data_contracts/fixtures/public_iex/20180127_IEXTP1_TOPS1.6.pcap.gz,3,0,0,,,,,1517058016624418459,1517072400000356870,IEX TOPS is aggregated top-of-book; no individual queue position
APT,data_contracts/fixtures/public_iex/20180127_IEXTP1_TOPS1.6.pcap.gz,3,0,0,,,,,1517058016624420586,1517072400000356870,IEX TOPS is aggregated top-of-book; no individual queue position
APTI,data_contracts/fixtures/public_iex/20180127_IEXTP1_TOPS1.6.pcap.gz,3,0,0,,,,,1517058016624420776,1517072400000356870,IEX TOPS is aggregated top-of-book; no individual queue position
APTO,data_contracts/fixtures/public_iex/20180127_IEXTP1_TOPS1.6.pcap.gz,3,0,0,,,,,1517058016624422746,1517072400000356870,IEX TOPS is aggregated top-of-book; no individual queue position
APTS,data_contracts/fixtures/public_iex/20180127_IEXTP1_TOPS1.6.pcap.gz,3,0,0,,,,,1517058016624422934,1517072400000356870,IEX TOPS is aggregated top-of-book; no individual queue position
APTV,data_contracts/fixtures/public_iex/20180127_IEXTP1_TOPS1.6.pcap.gz,3,0,0,,,,,1517058016624429543,1517072400000356870,IEX TOPS is aggregated top-of-book; no individual queue position
APU,data_contracts/fixtures/public_iex/20180127_IEXTP1_TOPS1.6.pcap.gz,3,0,0,,,,,1517058016624429740,1517072400000356870,IEX TOPS is aggregated top-of-book; no individual queue position
APVO,data_contracts/fixtures/public_iex/20180127_IEXTP1_TOPS1.6.pcap.gz,3,0,0,,,,,1517058016624429899,1517072400000356870,IEX TOPS is aggregated top-of-book; no individual queue position
APWC,data_contracts/fixtures/public_iex/20180127_IEXTP1_TOPS1.6.pcap.gz,3,0,0,,,,,1517058016624430042,1517072400000356870,IEX TOPS is aggregated top-of-book; no individual queue position
AQ,data_contracts/fixtures/public_iex/20180127_IEXTP1_TOPS1.6.pcap.gz,3,0,0,,,,,1517058016624431070,1517072400000356870,IEX TOPS is aggregated top-of-book; no individual queue position
AQB,data_contracts/fixtures/public_iex/20180127_IEXTP1_TOPS1.6.pcap.gz,3,0,0,,,,,1517058016624431208,1517072400000356870,IEX TOPS is aggregated top-of-book; no individual queue position
AQMS,data_contracts/fixtures/public_iex/20180127_IEXTP1_TOPS1.6.pcap.gz,3,0,0,,,,,1517058016624431328,1517072400000356870,IEX TOPS is aggregated top-of-book; no individual queue position
AQN,data_contracts/fixtures/public_iex/20180127_IEXTP1_TOPS1.6.pcap.gz,3,0,0,,,,,1517058016624432316,1517072400000356870,IEX TOPS is aggregated top-of-book; no individual queue position
AQUA,data_contracts/fixtures/public_iex/20180127_IEXTP1_TOPS1.6.pcap.gz,3,0,0,,,,,1517058016624432483,1517072400000356870,IEX TOPS is aggregated top-of-book; no individual queue position
AQXP,data_contracts/fixtures/public_iex/20180127_IEXTP1_TOPS1.6.pcap.gz,3,0,0,,,,,1517058016624455630,1517072400000356870,IEX TOPS is aggregated top-of-book; no individual queue position
AR,data_contracts/fixtures/public_iex/20180127_IEXTP1_TOPS1.6.pcap.gz,3,0,0,,,,,1517058016624459953,1517072400000356870,IEX TOPS is aggregated top-of-book; no individual queue position
ARA,data_contracts/fixtures/public_iex/20180127_IEXTP1_TOPS1.6.pcap.gz,3,0,0,,,,,1517058016624460146,1517072400000356870,IEX TOPS is aggregated top-of-book; no individual queue position
ARAY,data_contracts/fixtures/public_iex/20180127_IEXTP1_TOPS1.6.pcap.gz,3,0,0,,,,,1517058016624460339,1517072400000356870,IEX TOPS is aggregated top-of-book; no individual queue position
ARC,data_contracts/fixtures/public_iex/20180127_IEXTP1_TOPS1.6.pcap.gz,3,0,0,,,,,1517058016624460498,1517072400000356870,IEX TOPS is aggregated top-of-book; no individual queue position
ARCB,data_contracts/fixtures/public_iex/20180127_IEXTP1_TOPS1.6.pcap.gz,3,0,0,,,,,1517058016624461593,1517072400000356870,IEX TOPS is aggregated top-of-book; no individual queue position
ARCC,data_contracts/fixtures/public_iex/20180127_IEXTP1_TOPS1.6.pcap.gz,3,0,0,,,,,1517058016624461752,1517072400000356870,IEX TOPS is aggregated top-of-book; no individual queue position
ARCH,data_contracts/fixtures/public_iex/20180127_IEXTP1_TOPS1.6.pcap.gz,3,0,0,,,,,1517058016624461942,1517072400000356870,IEX TOPS is aggregated top-of-book; no individual queue position
ARCI,data_contracts/fixtures/public_iex/20180127_IEXTP1_TOPS1.6.pcap.gz,3,0,0,,,,,1517058016624462861,1517072400000356870,IEX TOPS is aggregated top-of-book; no individual queue position
ARCM,data_contracts/fixtures/public_iex/20180127_IEXTP1_TOPS1.6.pcap.gz,11,0,0,,,,,1517058016624464384,1517072400000356870,IEX TOPS is aggregated top-of-book; no individual queue position
ARCO,data_contracts/fixtures/public_iex/20180127_IEXTP1_TOPS1.6.pcap.gz,3,0,0,,,,,1517058016624464535,1517072400000356870,IEX TOPS is aggregated top-of-book; no individual queue position
ARCT,data_contracts/fixtures/public_iex/20180127_IEXTP1_TOPS1.6.pcap.gz,3,0,0,,,,,1517058016624465915,1517072400000356870,IEX TOPS is aggregated top-of-book; no individual queue position
ARCW,data_contracts/fixtures/public_iex/20180127_IEXTP1_TOPS1.6.pcap.gz,3,0,0,,,,,1517058016624466069,1517072400000356870,IEX TOPS is aggregated top-of-book; no individual queue position
ARD,data_contracts/fixtures/public_iex/20180127_IEXTP1_TOPS1.6.pcap.gz,3,0,0,,,,,1517058016624468757,1517072400000356870,IEX TOPS is aggregated top-of-book; no individual queue position
ARDC,data_contracts/fixtures/public_iex/20180127_IEXTP1_TOPS1.6.pcap.gz,3,0,0,,,,,1517058016624468946,1517072400000356870,IEX TOPS is aggregated top-of-book; no individual queue position
ARDM,data_contracts/fixtures/public_iex/20180127_IEXTP1_TOPS1.6.pcap.gz,3,0,0,,,,,1517058016624469108,1517072400000356870,IEX TOPS is aggregated top-of-book; no individual queue position
ARDX,data_contracts/fixtures/public_iex/20180127_IEXTP1_TOPS1.6.pcap.gz,3,0,0,,,,,1517058016624470584,1517072400000356870,IEX TOPS is aggregated top-of-book; no individual queue position
ARE,data_contracts/fixtures/public_iex/20180127_IEXTP1_TOPS1.6.pcap.gz,3,0,0,,,,,1517058016624470794,1517072400000356870,IEX TOPS is aggregated top-of-book; no individual queue position
ARE-D,data_contracts/fixtures/public_iex/20180127_IEXTP1_TOPS1.6.pcap.gz,3,0,0,,,,,1517058016624470951,1517072400000356870,IEX TOPS is aggregated top-of-book; no individual queue position
ARES,data_contracts/fixtures/public_iex/20180127_IEXTP1_TOPS1.6.pcap.gz,3,0,0,,,,,1517058016624472600,1517072400000356870,IEX TOPS is aggregated top-of-book; no individual queue position
ARES-A,data_contracts/fixtures/public_iex/20180127_IEXTP1_TOPS1.6.pcap.gz,3,0,0,,,,,1517058016624472819,1517072400000356870,IEX TOPS is aggregated top-of-book; no individual queue position
AREX,data_contracts/fixtures/public_iex/20180127_IEXTP1_TOPS1.6.pcap.gz,3,0,0,,,,,1517058016624476571,1517072400000356870,IEX TOPS is aggregated top-of-book; no individual queue position
ARGS,data_contracts/fixtures/public_iex/20180127_IEXTP1_TOPS1.6.pcap.gz,3,0,0,,,,,1517058016624476737,1517072400000356870,IEX TOPS is aggregated top-of-book; no individual queue position
ARGT,data_contracts/fixtures/public_iex/20180127_IEXTP1_TOPS1.6.pcap.gz,3,0,0,,,,,1517058016624476899,1517072400000356870,IEX TOPS is aggregated top-of-book; no individual queue position
ARGX,data_contracts/fixtures/public_iex/20180127_IEXTP1_TOPS1.6.pcap.gz,3,0,0,,,,,1517058016624481122,1517072400000356870,IEX TOPS is aggregated top-of-book; no individual queue position
ARI,data_contracts/fixtures/public_iex/20180127_IEXTP1_TOPS1.6.pcap.gz,3,0,0,,,,,1517058016624481283,1517072400000356870,IEX TOPS is aggregated top-of-book; no individual queue position
ARI-C,data_contracts/fixtures/public_iex/20180127_IEXTP1_TOPS1.6.pcap.gz,3,0,0,,,,,1517058016624481410,1517072400000356870,IEX TOPS is aggregated top-of-book; no individual queue position
ARII,data_contracts/fixtures/public_iex/20180127_IEXTP1_TOPS1.6.pcap.gz,3,0,0,,,,,1517058016624496669,1517072400000356870,IEX TOPS is aggregated top-of-book; no individual queue position
ARKG,data_contracts/fixtures/public_iex/20180127_IEXTP1_TOPS1.6.pcap.gz,3,0,0,,,,,1517058016624497720,1517072400000356870,IEX TOPS is aggregated top-of-book; no individual queue position
ARKK,data_contracts/fixtures/public_iex/20180127_IEXTP1_TOPS1.6.pcap.gz,3,0,0,,,,,1517058016624505212,1517072400000356870,IEX TOPS is aggregated top-of-book; no individual queue position
ARKQ,data_contracts/fixtures/public_iex/20180127_IEXTP1_TOPS1.6.pcap.gz,23,0,0,,,,,1517058016624505420,1517072400000356870,IEX TOPS is aggregated top-of-book; no individual queue position
ARKR,data_contracts/fixtures/public_iex/20180127_IEXTP1_TOPS1.6.pcap.gz,3,0,0,,,,,1517058016624505575,1517072400000356870,IEX TOPS is aggregated top-of-book; no individual queue position
ARKW,data_contracts/fixtures/public_iex/20180127_IEXTP1_TOPS1.6.pcap.gz,3,0,0,,,,,1517058016624505738,1517072400000356870,IEX TOPS is aggregated top-of-book; no individual queue position
ARL,data_contracts/fixtures/public_iex/20180127_IEXTP1_TOPS1.6.pcap.gz,3,0,0,,,,,1517058016624506756,1517072400000356870,IEX TOPS is aggregated top-of-book; no individual queue position
ARLP,data_contracts/fixtures/public_iex/20180127_IEXTP1_TOPS1.6.pcap.gz,3,0,0,,,,,1517058016624510844,1517072400000356870,IEX TOPS is aggregated top-of-book; no individual queue position
ARLZ,data_contracts/fixtures/public_iex/20180127_IEXTP1_TOPS1.6.pcap.gz,3,0,0,,,,,1517058016624510974,1517072400000356870,IEX TOPS is aggregated top-of-book; no individual queue position
ARMK,data_contracts/fixtures/public_iex/20180127_IEXTP1_TOPS1.6.pcap.gz,3,0,0,,,,,1517058016624512236,1517072400000356870,IEX TOPS is aggregated top-of-book; no individual queue position
ARMO,data_contracts/fixtures/public_iex/20180127_IEXTP1_TOPS1.6.pcap.gz,3,0,0,,,,,1517058016624512361,1517072400000356870,IEX TOPS is aggregated top-of-book; no individual queue position
ARNA,data_contracts/fixtures/public_iex/20180127_IEXTP1_TOPS1.6.pcap.gz,3,0,0,,,,,1517058016624512505,1517072400000356870,IEX TOPS is aggregated top-of-book; no individual queue position
ARNC,data_contracts/fixtures/public_iex/20180127_IEXTP1_TOPS1.6.pcap.gz,3,0,0,,,,,1517058016624513383,1517072400000356870,IEX TOPS is aggregated top-of-book; no individual queue position
ARNC-,data_contracts/fixtures/public_iex/20180127_IEXTP1_TOPS1.6.pcap.gz,3,0,0,,,,,1517058016624516494,1517072400000356870,IEX TOPS is aggregated top-of-book; no individual queue position
AROC,data_contracts/fixtures/public_iex/20180127_IEXTP1_TOPS1.6.pcap.gz,3,0,0,,,,,1517058016624516706,1517072400000356870,IEX TOPS is aggregated top-of-book; no individual queue position
AROW,data_contracts/fixtures/public_iex/20180127_IEXTP1_TOPS1.6.pcap.gz,3,0,0,,,,,1517058016624517787,1517072400000356870,IEX TOPS is aggregated top-of-book; no individual queue position
ARQL,data_contracts/fixtures/public_iex/20180127_IEXTP1_TOPS1.6.pcap.gz,3,0,0,,,,,1517058016624518024,1517072400000356870,IEX TOPS is aggregated top-of-book; no individual queue position
ARR,data_contracts/fixtures/public_iex/20180127_IEXTP1_TOPS1.6.pcap.gz,3,0,0,,,,,1517058016624518156,1517072400000356870,IEX TOPS is aggregated top-of-book; no individual queue position
ARR-A,data_contracts/fixtures/public_iex/20180127_IEXTP1_TOPS1.6.pcap.gz,3,0,0,,,,,1517058016624519004,1517072400000356870,IEX TOPS is aggregated top-of-book; no individual queue position
ARR-B,data_contracts/fixtures/public_iex/20180127_IEXTP1_TOPS1.6.pcap.gz,3,0,0,,,,,1517058016624519145,1517072400000356870,IEX TOPS is aggregated top-of-book; no individual queue position
ARRS,data_contracts/fixtures/public_iex/20180127_IEXTP1_TOPS1.6.pcap.gz,3,0,0,,,,,1517058016624519290,1517072400000356870,IEX TOPS is aggregated top-of-book; no individual queue position
ARRY,data_contracts/fixtures/public_iex/20180127_IEXTP1_TOPS1.6.pcap.gz,3,0,0,,,,,1517058016624520133,1517072400000356870,IEX TOPS is aggregated top-of-book; no individual queue position
ARTNA,data_contracts/fixtures/public_iex/20180127_IEXTP1_TOPS1.6.pcap.gz,3,0,0,,,,,1517058016624520272,1517072400000356870,IEX TOPS is aggregated top-of-book; no individual queue position
ARTW,data_contracts/fixtures/public_iex/20180127_IEXTP1_TOPS1.6.pcap.gz,3,0,0,,,,,1517058016624520392,1517072400000356870,IEX TOPS is aggregated top-of-book; no individual queue position
ARTX,data_contracts/fixtures/public_iex/20180127_IEXTP1_TOPS1.6.pcap.gz,3,0,0,,,,,1517058016624531881,1517072400000356870,IEX TOPS is aggregated top-of-book; no individual queue position
ARW,data_contracts/fixtures/public_iex/20180127_IEXTP1_TOPS1.6.pcap.gz,3,0,0,,,,,1517058016624535618,1517072400000356870,IEX TOPS is aggregated top-of-book; no individual queue position
ARWR,data_contracts/fixtures/public_iex/20180127_IEXTP1_TOPS1.6.pcap.gz,3,0,0,,,,,1517058016624535776,1517072400000356870,IEX TOPS is aggregated top-of-book; no individual queue position
ASA,data_contracts/fixtures/public_iex/20180127_IEXTP1_TOPS1.6.pcap.gz,3,0,0,,,,,1517058016624535973,1517072400000356870,IEX TOPS is aggregated top-of-book; no individual queue position
ASB,data_contracts/fixtures/public_iex/20180127_IEXTP1_TOPS1.6.pcap.gz,3,0,0,,,,,1517058016624539651,1517072400000356870,IEX TOPS is aggregated top-of-book; no individual queue position
ASB+,data_contracts/fixtures/public_iex/20180127_IEXTP1_TOPS1.6.pcap.gz,3,0,0,,,,,1517058016624539843,1517072400000356870,IEX TOPS is aggregated top-of-book; no individual queue position
ASB-C,data_contracts/fixtures/public_iex/20180127_IEXTP1_TOPS1.6.pcap.gz,3,0,0,,,,,1517058016624540020,1517072400000356870,IEX TOPS is aggregated top-of-book; no individual queue position
ASB-D,data_contracts/fixtures/public_iex/20180127_IEXTP1_TOPS1.6.pcap.gz,3,0,0,,,,,1517058016624541248,1517072400000356870,IEX TOPS is aggregated top-of-book; no individual queue position
ASC,data_contracts/fixtures/public_iex/20180127_IEXTP1_TOPS1.6.pcap.gz,3,0,0,,,,,1517058016624541453,1517072400000356870,IEX TOPS is aggregated top-of-book; no individual queue position
ASCMA,data_contracts/fixtures/public_iex/20180127_IEXTP1_TOPS1.6.pcap.gz,3,0,0,,,,,1517058016624541613,1517072400000356870,IEX TOPS is aggregated top-of-book; no individual queue position
ASEA,data_contracts/fixtures/public_iex/20180127_IEXTP1_TOPS1.6.pcap.gz,3,0,0,,,,,1517058016624543241,1517072400000356870,IEX TOPS is aggregated top-of-book; no individual queue position
ASET,data_contracts/fixtures/public_iex/20180127_IEXTP1_TOPS1.6.pcap.gz,3,0,0,,,,,1517058016624543463,1517072400000356870,IEX TOPS is aggregated top-of-book; no individual queue position
ASFI,data_contracts/fixtures/public_iex/20180127_IEXTP1_TOPS1.6.pcap.gz,3,0,0,,,,,1517058016624543618,1517072400000356870,IEX TOPS is aggregated top-of-book; no individual queue position
ASG,data_contracts/fixtures/public_iex/20180127_IEXTP1_TOPS1.6.pcap.gz,3,0,0,,,,,1517058016624545599,1517072400000356870,IEX TOPS is aggregated top-of-book; no individual queue position
ASGN,data_contracts/fixtures/public_iex/20180127_IEXTP1_TOPS1.6.pcap.gz,3,0,0,,,,,1517058016624558551,1517072400000356870,IEX TOPS is aggregated top-of-book; no individual queue position
ASH,data_contracts/fixtures/public_iex/20180127_IEXTP1_TOPS1.6.pcap.gz,3,0,0,,,,,1517058016624568567,1517072400000356870,IEX TOPS is aggregated top-of-book; no individual queue position
ASHR,data_contracts/fixtures/public_iex/20180127_IEXTP1_TOPS1.6.pcap.gz,3,0,0,,,,,1517058016624572840,1517072400000356870,IEX TOPS is aggregated top-of-book; no individual queue position
ASHS,data_contracts/fixtures/public_iex/20180127_IEXTP1_TOPS1.6.pcap.gz,33,0,0,,,,,1517058016624573066,1517072400000356870,IEX TOPS is aggregated top-of-book; no individual queue position
ASHX,data_contracts/fixtures/public_iex/20180127_IEXTP1_TOPS1.6.pcap.gz,3,0,0,,,,,1517058016624573239,1517072400000356870,IEX TOPS is aggregated top-of-book; no individual queue position
ASIX,data_contracts/fixtures/public_iex/20180127_IEXTP1_TOPS1.6.pcap.gz,3,0,0,,,,,1517058016624574368,1517072400000356870,IEX TOPS is aggregated top-of-book; no individual queue position
ASM,data_contracts/fixtures/public_iex/20180127_IEXTP1_TOPS1.6.pcap.gz,3,0,0,,,,,1517058016624574532,1517072400000356870,IEX TOPS is aggregated top-of-book; no individual queue position
ASMB,data_contracts/fixtures/public_iex/20180127_IEXTP1_TOPS1.6.pcap.gz,3,0,0,,,,,1517058016624575589,1517072400000356870,IEX TOPS is aggregated top-of-book; no individual queue position
ASML,data_contracts/fixtures/public_iex/20180127_IEXTP1_TOPS1.6.pcap.gz,3,0,0,,,,,1517058016624575753,1517072400000356870,IEX TOPS is aggregated top-of-book; no individual queue position
ASNA,data_contracts/fixtures/public_iex/20180127_IEXTP1_TOPS1.6.pcap.gz,3,0,0,,,,,1517058016624578248,1517072400000356870,IEX TOPS is aggregated top-of-book; no individual queue position
